Account Number,Post Date,Check,Description,Debit,Credit,Status,Balance
"XXXXXX1009-S81",9/19/2022,2717,"Check 2717 Tracer 829800000540927",679.63,,Posted,36745.26
"XXXXXX1009-S81",9/19/2022,2712,"Check 2712 Tracer 829800000540929",1160.00,,Posted,37424.89
"XXXXXX1009-S81",9/19/2022,2703,"Check 2703 Tracer 829800000540521",1550.00,,Posted,38584.89
"XXXXXX1009-S81",9/19/2022,,"Withdrawal POS #226219733879/POS H-E-B GAS/CARWASH #265 CEDAR PARK TX Card 4969 Merchant Category Code: 5542",59.41,,Posted,40134.89
"XXXXXX1009-S81",9/19/2022,2723,"Check 2723 Tracer 829800000859729",2411.83,,Posted,40194.30
"XXXXXX1009-S81",9/19/2022,,"Withdrawal Adjustment Credit Voucher/THE HOME DEPOT #8418 AUSTIN TX Date 09/18/22 74943012262010194062503 Card 3341Merchant Category Code: 5200",,15.35,Posted,42606.13
"XXXXXX1009-S81",9/19/2022,,"Withdrawal POS #226216865450/POS 7-ELEVEN AUSTIN TX Card 2675 Merchant Category Code: 5541",50.00,,Posted,42590.78
"XXXXXX1009-S81",9/19/2022,2708,"Check 2708 Tracer 829800000497007",2520.00,,Posted,42640.78
"XXXXXX1009-S81",9/19/2022,2709,"Check 2709 Tracer 829800000372007",1200.00,,Posted,45160.78
"XXXXXX1009-S81",9/19/2022,,"Withdrawal Transfer To Loan 00",200.00,,Posted,46360.78
"XXXXXX1009-S81",9/19/2022,2722,"Check 2722 Tracer 829800000186007",671.58,,Posted,46560.78
"XXXXXX1009-S81",9/19/2022,,"Withdrawal Cash",35.00,,Posted,47232.36
"XXXXXX1009-S81",9/19/2022,,"Deposit Reconciled 0000025",,.00,Posted,.00
"XXXXXX1009-S81",9/19/2022,,"Deposit Bulk/Checks 22,182.35 Check Count 1 Deposit Number 0000025",,22182.35,Posted,47267.36
"XXXXXX1009-S81",9/19/2022,,"Withdrawal ACH CHASE CREDIT CRD/TYPE: AUTOPAY ID: 4760039224 CO: CHASE CREDIT CRD",400.00,,Posted,25085.01
"XXXXXX1009-S81",9/19/2022,,"Withdrawal ACH AMEX EPAYMENT/TYPE: ACH PMT ID: 0005000008 DATA: ER AM CO: AMEX EPAYMENT",339.56,,Posted,25485.01
"XXXXXX1009-S81",9/19/2022,,"Withdrawal ACH ATT/TYPE: Payment ID: 9864031004 CO: ATT",80.00,,Posted,25824.57
"XXXXXX1009-S81",9/19/2022,,"Withdrawal ACH HOME DEPOT/TYPE: AUTO PYMT ID: CITIAUTFDR CO: HOME DEPOT",29.00,,Posted,25904.57
"XXXXXX1009-S81",9/18/2022,,"Withdrawal DEBIT CARD/APPLE.COM/BILL 866-712-7753 CA Date 09/18/22 24692162261108370319994 Card 4969Merchant Category Code: 5735",21.64,,Posted,25933.57
"XXXXXX1009-S81",9/18/2022,,"Withdrawal DEBIT CARD/THE HOME DEPOT 8418 AUSTIN TX Date 09/17/22 24692162261108258212378 Card 3341Merchant Category Code: 5200",100.00,,Posted,25955.21
"XXXXXX1009-S81",9/18/2022,,"Withdrawal DEBIT CARD/H-E-B #265 CEDAR PARK TX Date 09/17/22 24427332260740281114833 Card 3341Merchant Category Code: 5411",73.25,,Posted,26055.21
"XXXXXX1009-S81",9/18/2022,,"Withdrawal DEBIT CARD/H-E-B #265 CEDAR PARK TX Date 09/17/22 24427332260740281105294 Card 3341Merchant Category Code: 5411",31.79,,Posted,26128.46
"XXXXXX1009-S81",9/18/2022,,"Withdrawal DEBIT CARD/H20 HAND CAR WASH CEDAR P CEDAR PARK TX Date 09/17/22 24755422260642606627526 Card 4969Merchant Category Code: 7542",70.80,,Posted,26160.25
"XXXXXX1009-S81",9/18/2022,,"Withdrawal POS #226101139850/POS WALGREENS STORE 11724 RES AUSTIN TX Card 3341 Merchant Category Code: 5912",20.27,,Posted,26231.05
"XXXXXX1009-S81",9/17/2022,,"Withdrawal DEBIT CARD/TARGET 00023424 CEDAR PARK TX Date 09/17/22 24164072260091008509809 Card 4969Merchant Category Code: 5411",102.74,,Posted,26251.32
"XXXXXX1009-S81",9/17/2022,,"Withdrawal POS #226019455791/POS WALGREENS STORE 1505 W WH CEDAR PARK TX Card 0718Merchant Category Code: 5912",7.03,,Posted,26354.06
"XXXXXX1009-S81",9/17/2022,,"Withdrawal DEBIT CARD/RANDALLS #3145 LEANDER TX Date 09/16/22 24231682260837000738233 Card 4969Merchant Category Code: 5411",66.62,,Posted,26361.09
"XXXXXX1009-S81",9/17/2022,,"Withdrawal DEBIT CARD/RAISING CANE'S #115 CEDAR PARK TX Date 09/17/22 24231682260698677414163 Card 4969Merchant Category Code: 5814",14.80,,Posted,26427.71
"XXXXXX1009-S81",9/17/2022,2716,"Check 2716 Tracer 829600000243004",1442.50,,Posted,26442.51
"XXXXXX1009-S81",9/17/2022,,"Withdrawal POS #226013675439/POS SHELL SERVICE STATION CEDAR PARK TX Card 3341 Merchant Category Code: 5541",30.00,,Posted,27885.01
"XXXXXX1009-S81",9/17/2022,,"Withdrawal POS #226095494101/POS NST THE HOME DEPOT 000872 2700 WHITESTONE BLVD CEDAR PARK TX Card 3341Merchant Category Code: 5200",120.89,,Posted,27915.01
"XXXXXX1009-S81",9/17/2022,,"Deposit Reconciled 0000004",,.00,Posted,.00
"XXXXXX1009-S81",9/17/2022,,"Withdrawal Cash",1000.00,,Posted,28035.90
"XXXXXX1009-S81",9/17/2022,,"Deposit Bulk/Checks 19,026.01 Check Count 8 Deposit Number 0000004",,19026.01,Posted,29035.90
"XXXXXX1009-S81",9/17/2022,,"Withdrawal POS #75JCTMZARHN7/POS AMAZON.COM*1M5OZ1681 SEATTLE WA Card 4969 Merchant Category Code: 5942",31.94,,Posted,10009.89
"XXXXXX1009-S81",9/17/2022,,"Withdrawal POS #226000397542/POS 7-ELEVEN 6111 Bee Cave Rd US Austin Card 0718 Merchant Category Code: 5542",54.03,,Posted,10041.83
"XXXXXX1009-S81",9/17/2022,,"Withdrawal DEBIT CARD/BUSHS CHICKEN - CEDAR CEDAR PARK TX Date 09/16/22 24269792260001052050250 Card 4969Merchant Category Code: 5812",27.61,,Posted,10095.86
"XXXXXX1009-S81",9/17/2022,,"Withdrawal DEBIT CARD/LUBY'S 0261 AUSTIN - SLA AUSTIN TX Date 09/16/22 24801972259726720514362 Card 2675Merchant Category Code: 5814",83.00,,Posted,10123.47
"XXXXXX1009-S81",9/17/2022,,"Withdrawal POS #1C5XI3BJUFS7/POS AMAZON.COM*1M1C234C2 SEATTLE WA Card 4969 Merchant Category Code: 4816",18.39,,Posted,10206.47
"XXXXXX1009-S81",9/16/2022,2715,"Check 2715 Tracer 829500000520538",1000.00,,Posted,10224.86
"XXXXXX1009-S81",9/16/2022,,"Deposit ACH Texas Windstrom/TYPE: PAYABLES ID: 2746189303 DATA: DYNAMICS EFT DEPOSIT CO: Texas Windstrom",,9102.01,Posted,11224.86
"XXXXXX1009-S81",9/16/2022,,"Withdrawal DEBIT CARD/P. TERRYS STAND #8 AUSTIN TX Date 09/15/22 24692162259106755059916 Card 3341Merchant Category Code: 5812",12.07,,Posted,2122.85
"XXXXXX1009-S81",9/16/2022,,"Withdrawal POS #225900113379/POS DOLLAR-GENERAL #6625 DG 066252802 S BAGDAD R LEANDER TX Card 4969Merchant Category Code: 5310",27.06,,Posted,2134.92
"XXXXXX1009-S81",9/16/2022,,"Withdrawal DEBIT CARD/CHEVRON 0210507 AUSTIN TX Date 09/16/22 24692162259106720899537 Card 2675Merchant Category Code: 5542",52.19,,Posted,2161.98
"XXXXXX1009-S81",9/16/2022,2714,"Check 2714 Tracer 829500000086001",2560.00,,Posted,2214.17
"XXXXXX1009-S81",9/16/2022,,"Withdrawal ACH ATMOS ENERGY SGL/TYPE: UTIL PYMT ID: 9000000090 CO: ATMOS ENERGY SGL NAME: BLAKE GALO",120.58,,Posted,4774.17
"XXXXXX1009-S81",9/16/2022,,"Withdrawal DEBIT CARD/GRAINGER 877-2022594 IL Date 09/15/22 24755422259732599446696 Card 2675Merchant Category Code: 5085",204.86,,Posted,4894.75
"XXXXXX1009-S81",9/16/2022,,"Uncollected Fee/Due since 09/15/22 - Courtesy Pay-Dbt",34.00,,Posted,5099.61
"XXXXXX1009-S81",9/16/2022,,"Uncollected Fee/Due since 09/15/22 - Courtesy Pay-Dbt",34.00,,Posted,5133.61
"XXXXXX1009-S81",9/16/2022,,"Uncollected Fee/Due since 09/15/22 - Overdrawn ACH",34.00,,Posted,5167.61
"XXXXXX1009-S81",9/16/2022,,"Uncollected Fee/Due since 09/15/22 - Courtesy Pay-ACH",34.00,,Posted,5201.61
"XXXXXX1009-S81",9/15/2022,,"Withdrawal DEBIT CARD/TEXACO 0379545 GIDDINGS TX Date 09/15/22 24692162258106147747757 Card 3341Merchant Category Code: 5542",47.58,,Posted,5235.61
"XXXXXX1009-S81",9/15/2022,2711,"Check 2711 Tracer 829400000573016",1584.00,,Posted,5283.19
"XXXXXX1009-S81",9/15/2022,,"Withdrawal DEBIT CARD/EL POLLO RICO 9 CEDAR PARK TX Date 09/14/22 24013392258001643299525 Card 4969Merchant Category Code: 5812",22.01,,Posted,6867.19
"XXXXXX1009-S81",9/15/2022,,"Withdrawal DEBIT CARD/MOD PIZZA CEDAR PARK CEDAR PARK TX Date 09/14/22 24692162258105869486677 Card 4969Merchant Category Code: 5812",27.34,,Posted,6889.20
"XXXXXX1009-S81",9/15/2022,,"Withdrawal ACH IRS/TYPE: USATAXPYMT ID: 3387702000 CO: IRS",2500.00,,Posted,6916.54
"XXXXXX1009-S81",9/15/2022,,"Deposit Reconciled 0000012",,.00,Posted,.00
"XXXXXX1009-S81",9/15/2022,,"Deposit Bulk/Checks 10,100.56 Check Count 8 Deposit Number 0000012",,10100.56,Posted,9416.54
"XXXXXX1009-S81",9/15/2022,,"Uncollected Fee of $34.00 is Due",,.00,Posted,.00
"XXXXXX1009-S81",9/15/2022,,"Courtesy Pay-Dbt",,.00,Posted,-684.02
"XXXXXX1009-S81",9/15/2022,,"Withdrawal DEBIT CARD/CRICKET WRLS #80213127 LEANDER TX Date 09/14/22 24692162258105656827513 Card 3341Merchant Category Code: 4812",72.00,,Posted,-684.02
"XXXXXX1009-S81",9/15/2022,,"Uncollected Fee of $34.00 is Due",,.00,Posted,.00
"XXXXXX1009-S81",9/15/2022,,"Courtesy Pay-Dbt",,.00,Posted,-612.02
"XXXXXX1009-S81",9/15/2022,,"Recurring Withdrawal DEBIT CARD/DOORDASH DASHPASS WWW.DOORDASH. CA Date 09/15/22 24011342258000010525147 Card 4969Merchant Category Code: 5812",9.99,,Posted,-612.02
"XXXXXX1009-S81",9/15/2022,,"Uncollected Fee of $34.00 is Due",,.00,Posted,.00
"XXXXXX1009-S81",9/15/2022,,"Overdrawn ACH/IRS",,.00,Posted,-602.03
"XXXXXX1009-S81",9/15/2022,,"Uncollected Fee of $34.00 is Due",,.00,Posted,.00
"XXXXXX1009-S81",9/15/2022,,"Courtesy Pay-ACH",,.00,Posted,-602.03
"XXXXXX1009-S81",9/15/2022,,"Withdrawal ACH THE GUARDIAN/TYPE: INSUR PREM ID: 9555845001 CO: THE GUARDIAN",849.54,,Posted,-602.03
"XXXXXX1009-S81",9/15/2022,,"Withdrawal ACH DISCOVER/TYPE: E-PAYMENT ID: 3510020270 DATA: DC PYMNTS DCIDPIINT CO: DISCOVER NAME: HERNANDEZ SALVADOR",500.00,,Posted,247.51
"XXXXXX1009-S81",9/15/2022,,"Withdrawal ACH CAPITAL ONE/TYPE: CRCARDPMT ID: 9541719018 CO: CAPITAL ONE",300.00,,Posted,747.51
"XXXXXX1009-S81",9/15/2022,,"Withdrawal ACH HUMANA COMPBENEF/TYPE: 7709988936 ID: 2591843760 CO: HUMANA COMPBENEF",50.74,,Posted,1047.51
"XXXXXX1009-S81",9/15/2022,,"Recurring Withdrawal DEBIT CARD/INNOVATIVE URGENT CAREFAM 210-4556253 TX Date 09/14/22 24755422257272578678516 Card 4969Merchant Category Code: 8011",35.00,,Posted,1098.25
"XXXXXX1009-S81",9/15/2022,,"Withdrawal DEBIT CARD/IN *LEFT HAND DESIGN LLC 512-7965512 TX Date 09/14/22 24692162257105504542703 Card 3341Merchant Category Code: 8999",557.49,,Posted,1133.25
"XXXXXX1009-S81",9/14/2022,2698,"Check 2698 Tracer 829300000313991",420.00,,Posted,1690.74
"XXXXXX1009-S81",9/14/2022,,"Withdrawal DEBIT CARD/AVR, INC. 866-5131550 TX Date 09/13/22 24794872257900016352158 Card 0718Merchant Category Code: 5045",.05,,Posted,2110.74
"XXXXXX1009-S81",9/14/2022,,"Withdrawal DEBIT CARD/TRAVIS CO WCID NO 10 512-2461400 TX Date 09/13/22 24794872257900015008769 Card 0718Merchant Category Code: 4900",1.09,,Posted,2110.79
"XXXXXX1009-S81",9/14/2022,,"Withdrawal POS #225722932801/POS NST THE HOME DEPOT 001994 3600 INTERSTATE HWY 35 AUSTIN TX Card 2675Merchant Category Code: 5200",12.95,,Posted,2111.88
"XXXXXX1009-S81",9/14/2022,,"Withdrawal ACH FARMERS INS EXCH/TYPE: INSPAYMENT ID: 2432215866 DATA: BILL PAYMENT CO: FARMERS INS EXCH",661.91,,Posted,2124.83
"XXXXXX1009-S81",9/14/2022,,"Withdrawal ACH LendingClub/TYPE: 8885963157 ID: 8510605731 DATA: Y CO: LendingClub",498.15,,Posted,2786.74
"XXXXXX1009-S81",9/14/2022,,"Recurring Withdrawal DEBIT CARD/MCW308-WHITESTONE 866-2543229 TX Date 09/13/22 24071052256939125628607 Card 0718Merchant Category Code: 7542",19.99,,Posted,3284.89
"XXXXXX1009-S81",9/14/2022,,"Withdrawal DEBIT CARD/H-E-B #265 CEDAR PARK TX Date 09/13/22 24427332256740274879893 Card 4969Merchant Category Code: 5411",208.09,,Posted,3304.88
"XXXXXX1009-S81",9/14/2022,,"Withdrawal DEBIT CARD/TEXASGASSERVICE 800-700-2443 OK Date 09/13/22 24492152256719776006165 Card 0718Merchant Category Code: 4900",32.58,,Posted,3512.97
"XXXXXX1009-S81",9/14/2022,,"Withdrawal DEBIT CARD/AMERCIAN BOLT COMPANY AUSTIN TX Date 09/13/22 24801972256726153404902 Card 3341Merchant Category Code: 5085",56.07,,Posted,3545.55
"XXXXXX1009-S81",9/14/2022,,"Deposit/Bill.com, LLC Visa Direct CA Date 09/14/22 0 2257698795 2 5734 Card 0001Merchant Category Code: 5734",,2048.88,Posted,3601.62
"XXXXXX1009-S81",9/13/2022,,"Withdrawal POS #225600112764/POS DOLLAR-GENERAL #6625 DG 066252802 S BAGDAD R LEANDER TX Card 4969Merchant Category Code: 5310",14.87,,Posted,1552.74
"XXXXXX1009-S81",9/13/2022,,"Withdrawal ATM Fee/ATM CHASE 6200 BEE CAVE RD AUSTIN TX Card 0718 Merchant Category Code: 6011",1.00,,Posted,1567.61
"XXXXXX1009-S81",9/13/2022,,"Withdrawal at ATM #225618379285/ATM CHASE 6200 BEE CAVE RD AUSTIN TX Card 0718 Merchant Category Code: 6011",343.50,,Posted,1568.61
"XXXXXX1009-S81",9/13/2022,,"Withdrawal DEBIT CARD/CHEVRON 0107135 AUSTIN TX Date 09/13/22 24692162256104523860163 Card 2675Merchant Category Code: 5542",51.25,,Posted,1912.11
"XXXXXX1009-S81",9/13/2022,,"Withdrawal POS #225600930998/POS 7-ELEVEN 3625 Bee Cave Rd US Austin Card 2675 Merchant Category Code: 5542",34.32,,Posted,1963.36
"XXXXXX1009-S81",9/13/2022,,"Deposit Reconciled 0000024",,.00,Posted,.00
"XXXXXX1009-S81",9/13/2022,,"Deposit Bulk/Checks 324.43 Check Count 2 Deposit Number 0000024",,324.43,Posted,1997.68
"XXXXXX1009-S81",9/13/2022,,"Withdrawal ACH DISCOVER/TYPE: E-PAYMENT ID: 2510020270 DATA: DC PYMNTS DCIINTNET CO: DISCOVER NAME: GALO BLAKE",204.18,,Posted,1673.25
"XXXXXX1009-S81",9/13/2022,,"Deposit ACH PEAK6 GROUP/TYPE: PAYMENT ID: 1364166492 CO: PEAK6 GROUP",,1194.72,Posted,1877.43
"XXXXXX1009-S81",9/13/2022,,"Withdrawal POS #225600136186/POS 7-ELEVEN 3324 NORTHLAND DR US AUSTIN TX Card 2675Merchant Category Code: 5541",1.61,,Posted,682.71
"XXXXXX1009-S81",9/13/2022,,"Withdrawal DEBIT CARD/Champions School-Austin Spring TX Date 09/12/22 24453882256002863998720 Card 4969Merchant Category Code: 8299",22.00,,Posted,684.32
"XXXXXX1009-S81",9/13/2022,,"Withdrawal DEBIT CARD/IN *KRISTY R. CORTEZ, PC 512-8352635 TX Date 09/12/22 24692162255104078523555 Card 0001Merchant Category Code: 8931",706.50,,Posted,706.32
"XXXXXX1009-S81",9/13/2022,,"Uncollected Fee/Due since 09/10/22 - Courtesy Pay-Dbt",34.00,,Posted,1412.82
"XXXXXX1009-S81",9/13/2022,,"Uncollected Fee/Due since 09/09/22 - Courtesy Pay-Dbt",34.00,,Posted,1446.82
"XXXXXX1009-S81",9/13/2022,,"Uncollected Fee/Due since 09/09/22 - Courtesy Pay-Dbt",34.00,,Posted,1480.82
"XXXXXX1009-S81",9/13/2022,,"Uncollected Fee/Due since 09/09/22 - Overdrawn ACH",34.00,,Posted,1514.82
"XXXXXX1009-S81",9/13/2022,,"Uncollected Fee/Due since 09/08/22 - UNPAIDNSF",34.00,,Posted,1548.82
"XXXXXX1009-S81",9/13/2022,,"Uncollected Fee/Due since 09/08/22 - Courtesy Pay-Ck",34.00,,Posted,1582.82
"XXXXXX1009-S81",9/13/2022,,"Uncollected Fee/Due since 09/08/22 - Courtesy Pay-Ck",34.00,,Posted,1616.82
"XXXXXX1009-S81",9/13/2022,,"Uncollected Fee/Due since 09/08/22 - Courtesy Pay-Dbt",34.00,,Posted,1650.82
"XXXXXX1009-S81",9/13/2022,,"Uncollected Fee/Due since 09/08/22 - Courtesy Pay-Dbt",34.00,,Posted,1684.82
"XXXXXX1009-S81",9/13/2022,,"Uncollected Fee/Due since 09/08/22 - Courtesy Pay-Dbt",34.00,,Posted,1718.82
"XXXXXX1009-S81",9/13/2022,,"Uncollected Fee/Due since 09/08/22 - Courtesy Pay-Dbt",34.00,,Posted,1752.82
"XXXXXX1009-S81",9/13/2022,,"Uncollected Fee/Due since 09/08/22 - Courtesy Pay-ACH",34.00,,Posted,1786.82
"XXXXXX1009-S81",9/13/2022,,"Uncollected Fee/Due since 09/08/22 - Courtesy Pay-ACH",34.00,,Posted,1820.82
"XXXXXX1009-S81",9/13/2022,,"Uncollected Fee/Due since 09/08/22 - Courtesy Pay-Dbt",34.00,,Posted,1854.82
"XXXXXX1009-S81",9/13/2022,,"Uncollected Fee/Due since 09/08/22 - Courtesy Pay-Dbt",34.00,,Posted,1888.82
"XXXXXX1009-S81",9/13/2022,,"Uncollected Fee/Due since 09/08/22 - Courtesy Pay-Dbt",34.00,,Posted,1922.82
"XXXXXX1009-S81",9/13/2022,,"Uncollected Fee/Due since 09/07/22 - Courtesy Pay-Ck",34.00,,Posted,1956.82
"XXXXXX1009-S81",9/13/2022,,"Uncollected Fee/Due since 09/07/22 - Courtesy Pay-Ck",34.00,,Posted,1990.82
"XXXXXX1009-S81",9/13/2022,,"Withdrawal DEBIT CARD/TXTAG 888 468 9824 888-468-9824 TX Date 09/12/22 24055232255762366479467 Card 0001Merchant Category Code: 4784",45.00,,Posted,2024.82
"XXXXXX1009-S81",9/13/2022,,"Withdrawal DEBIT CARD/TXTAG 888 468 9824 888-468-9824 TX Date 09/12/22 24055232255762219456944 Card 0001Merchant Category Code: 4784",15.00,,Posted,2069.82
"XXXXXX1009-S81",9/12/2022,2699,"Check 2699 Tracer 829100000553249",100.00,,Posted,2084.82
"XXXXXX1009-S81",9/12/2022,2664,"Check 2664 Tracer 829100000554051",250.00,,Posted,2184.82
"XXXXXX1009-S81",9/12/2022,,"Withdrawal DEBIT CARD/TARGET 00017970 AUSTIN TX Date 09/12/22 24164072255091016133839 Card 4969Merchant Category Code: 5310",32.47,,Posted,2434.82
"XXXXXX1009-S81",9/12/2022,,"Withdrawal POS #225500207202/POS 7-ELEVEN 14016 FM 620 North US TX Card 4969Merchant Category Code: 5542",57.09,,Posted,2467.29
"XXXXXX1009-S81",9/12/2022,,"Withdrawal Transfer/To HERNANDEZ,MARTHA 331014 Loan 02",447.78,,Posted,2524.38
"XXXXXX1009-S81",9/12/2022,,"Recurring Withdrawal Bill Payment - #225531301956/BP NNT MSFT *&lt;E0500K8Z730461 One Way MSBILL.INFO WA Card 0001Merchant Category Code: 5045",25.58,,Posted,2972.16
"XXXXXX1009-S81",9/12/2022,,"Recurring Withdrawal Bill Payment - #225535041421/BP NNT MSFT *&lt;E0500K8V462870 One Way MSBILL.INFO WA Card 0001Merchant Category Code: 5045",13.54,,Posted,2997.74
"XXXXXX1009-S81",9/12/2022,,"Withdrawal ACH AMEX EPAYMENT/TYPE: ACH PMT ID: 0005000040 DATA: AM CO: AMEX EPAYMENT",398.00,,Posted,3011.28
"XXXXXX1009-S81",9/12/2022,,"Withdrawal ACH INTUIT 89233425/TYPE: TRAN FEE ID: 9215986202 CO: INTUIT 89233425",188.16,,Posted,3409.28
"XXXXXX1009-S81",9/12/2022,,"Deposit ACH INTUIT 15209465/TYPE: DEPOSIT ID: 9215986202 CO: INTUIT 15209465",,5519.20,Posted,3597.44
"XXXXXX1009-S81",9/10/2022,,"Uncollected Fee of $34.00 is Due",,.00,Posted,.00
"XXXXXX1009-S81",9/10/2022,,"Courtesy Pay-Dbt",,.00,Posted,-1921.76
"XXXXXX1009-S81",9/10/2022,,"Withdrawal DEBIT CARD/PRO SERVE ENTERPRISE AUSTIN TX Date 09/08/22 24251382252030051502060 Card 2675Merchant Category Code: 2842",12.08,,Posted,-1921.76
"XXXXXX1009-S81",9/9/2022,,"Uncollected Fee of $34.00 is Due",,.00,Posted,.00
"XXXXXX1009-S81",9/9/2022,,"Courtesy Pay-Dbt",,.00,Posted,-1909.68
"XXXXXX1009-S81",9/9/2022,,"Withdrawal DEBIT CARD/RANDALLS #3145 LEANDER TX Date 09/08/22 24231682252837001014469 Card 4969Merchant Category Code: 5411",39.01,,Posted,-1909.68
"XXXXXX1009-S81",9/9/2022,,"Uncollected Fee of $34.00 is Due",,.00,Posted,.00
"XXXXXX1009-S81",9/9/2022,,"Courtesy Pay-Dbt",,.00,Posted,-1870.67
"XXXXXX1009-S81",9/9/2022,,"Recurring Withdrawal Bill Payment - #225224700875/BP ADOBE ACROPRO SUBS 408-536-6000 CA Card 0718 Merchant Category Code: 5734",16.23,,Posted,-1870.67
"XXXXXX1009-S81",9/9/2022,,"Uncollected Fee of $34.00 is Due",,.00,Posted,.00
"XXXXXX1009-S81",9/9/2022,,"Overdrawn ACH/City of Austin T",,.00,Posted,-1854.44
"XXXXXX1009-S81",9/8/2022,,"Uncollected Fee of $34.00 is Due",,.00,Posted,.00
"XXXXXX1009-S81",9/8/2022,,"UNPAIDNSF 2697/In the amount $300.00.",,.00,Posted,-1854.44
"XXXXXX1009-S81",9/8/2022,,"Uncollected Fee of $34.00 is Due",,.00,Posted,.00
"XXXXXX1009-S81",9/8/2022,,"Courtesy Pay-Ck",,.00,Posted,-1854.44
"XXXXXX1009-S81",9/8/2022,2686,"Check 2686 Tracer 828700000295447",100.00,,Posted,-1854.44
"XXXXXX1009-S81",9/8/2022,,"Uncollected Fee of $34.00 is Due",,.00,Posted,.00
"XXXXXX1009-S81",9/8/2022,,"Courtesy Pay-Ck",,.00,Posted,-1754.44
"XXXXXX1009-S81",9/8/2022,2682,"Check 2682 Tracer 828700000295449",1178.47,,Posted,-1754.44
"XXXXXX1009-S81",9/8/2022,,"Withdrawal Adjustment Credit Voucher/THE HOME DEPOT #6570 SUNSET VALLEY TX Date 09/07/22 74943012251010183125116 Card 4969Merchant Category Code: 5200",,50.86,Posted,-575.97
"XXXXXX1009-S81",9/8/2022,,"Uncollected Fee of $34.00 is Due",,.00,Posted,.00
"XXXXXX1009-S81",9/8/2022,,"Courtesy Pay-Dbt",,.00,Posted,-626.83
"XXXXXX1009-S81",9/8/2022,,"Withdrawal DEBIT CARD/THE HOME DEPOT #6570 SUNSET VALLEY TX Date 09/07/22 24943012251010183124981 Card 4969Merchant Category Code: 5200",50.86,,Posted,-626.83
"XXXXXX1009-S81",9/8/2022,,"Uncollected Fee of $34.00 is Due",,.00,Posted,.00
"XXXXXX1009-S81",9/8/2022,,"Courtesy Pay-Dbt",,.00,Posted,-575.97
"XXXXXX1009-S81",9/8/2022,,"Withdrawal POS #225100408830/POS 7-ELEVEN 6111 Bee Cave Rd US Austin Card 2675 Merchant Category Code: 5542",49.41,,Posted,-575.97
"XXXXXX1009-S81",9/8/2022,,"Uncollected Fee of $34.00 is Due",,.00,Posted,.00
"XXXXXX1009-S81",9/8/2022,,"Courtesy Pay-Dbt",,.00,Posted,-526.56
"XXXXXX1009-S81",9/8/2022,,"Withdrawal DEBIT CARD/CHEVRON 0155648 AUSTIN TX Date 09/08/22 24692162251100941398120 Card 2675Merchant Category Code: 5542",97.78,,Posted,-526.56
"XXXXXX1009-S81",9/8/2022,,"Uncollected Fee of $34.00 is Due",,.00,Posted,.00
"XXXXXX1009-S81",9/8/2022,,"Courtesy Pay-Dbt",,.00,Posted,-428.78
"XXXXXX1009-S81",9/8/2022,,"Withdrawal DEBIT CARD/EXXONMOBIL 48182828 AUSTIN TX Date 09/07/22 24164052251378006123748 Card 2675Merchant Category Code: 5542",30.33,,Posted,-428.78
"XXXXXX1009-S81",9/8/2022,,"Uncollected Fee of $34.00 is Due",,.00,Posted,.00
"XXXXXX1009-S81",9/8/2022,,"Courtesy Pay-ACH",,.00,Posted,-398.45
"XXXXXX1009-S81",9/8/2022,,"Withdrawal ACH *LINCOLN NATLIFE/TYPE: PREMPAYMNT ID: 3504728231 DATA: 0018400TER CO: *LINCOLN NATLIFE",105.20,,Posted,-398.45
"XXXXXX1009-S81",9/8/2022,,"Uncollected Fee of $34.00 is Due",,.00,Posted,.00
"XXXXXX1009-S81",9/8/2022,,"Courtesy Pay-ACH",,.00,Posted,-293.25
"XXXXXX1009-S81",9/8/2022,,"Withdrawal ACH AMEX EPAYMENT/TYPE: ACH PMT ID: 0005000040 DATA: AM CO: AMEX EPAYMENT",.01,,Posted,-293.25
"XXXXXX1009-S81",9/8/2022,,"Uncollected Fee of $34.00 is Due",,.00,Posted,.00
"XXXXXX1009-S81",9/8/2022,,"Courtesy Pay-Dbt",,.00,Posted,-293.24
"XXXXXX1009-S81",9/8/2022,,"Withdrawal DEBIT CARD/H-E-B #265 CEDAR PARK TX Date 09/07/22 24427332250740275878452 Card 3341Merchant Category Code: 5411",26.40,,Posted,-293.24
"XXXXXX1009-S81",9/8/2022,,"Uncollected Fee of $34.00 is Due",,.00,Posted,.00
"XXXXXX1009-S81",9/8/2022,,"Courtesy Pay-Dbt",,.00,Posted,-266.84
"XXXXXX1009-S81",9/8/2022,,"Withdrawal DEBIT CARD/MCW308-WHITESTONE CEDAR PARK TX Date 09/07/22 24071052250939140300477 Card 3341Merchant Category Code: 7542",8.00,,Posted,-266.84
"XXXXXX1009-S81",9/8/2022,,"Uncollected Fee of $34.00 is Due",,.00,Posted,.00
"XXXXXX1009-S81",9/8/2022,,"Courtesy Pay-Dbt",,.00,Posted,-258.84
"XXXXXX1009-S81",9/8/2022,,"Withdrawal DEBIT CARD/TXTAG 888 468 9824 888-468-9824 TX Date 09/07/22 24055232250762875544228 Card 3341Merchant Category Code: 4784",18.28,,Posted,-258.84
"XXXXXX1009-S81",9/7/2022,,"Uncollected Fee of $34.00 is Due",,.00,Posted,.00
"XXXXXX1009-S81",9/7/2022,,"Courtesy Pay-Ck",,.00,Posted,-240.56
"XXXXXX1009-S81",9/7/2022,2688,"Check 2688 Tracer 828600000600813",250.00,,Posted,-240.56
"XXXXXX1009-S81",9/7/2022,,"Uncollected Fee of $34.00 is Due",,.00,Posted,.00
"XXXXXX1009-S81",9/7/2022,,"Courtesy Pay-Ck",,.00,Posted,9.44
"XXXXXX1009-S81",9/7/2022,2687,"Check 2687 Tracer 828600000601793",1037.50,,Posted,9.44
"XXXXXX1009-S81",9/7/2022,,"Deposit Transfer From Loan 00",,99.00,Posted,1046.94
"XXXXXX1009-S81",9/7/2022,2669,"Check 2669 Tracer 828600000601794",50.00,,Posted,947.94
"XXXXXX1009-S81",9/7/2022,2662,"Check 2662 Tracer 828600000601795",825.75,,Posted,997.94
"XXXXXX1009-S81",9/7/2022,,"Withdrawal POS #225032413201/POS NST THE HOME DEPOT 002924 1200 HOME DEPOT BLVD SUNSET VALLEY TX Card 2675Merchant Category Code: 5200",10.79,,Posted,1823.69
"XXXXXX1009-S81",9/7/2022,,"Withdrawal POS #000000EFQRVA/POS AMAZON.COM*1F88J7FW0 SEATTLE WA Card 4969 Merchant Category Code: 4816",30.30,,Posted,1834.48
"XXXXXX1009-S81",9/7/2022,,"Withdrawal DEBIT CARD/SHORT STOP #16 AUSTIN TX Date 09/06/22 24137462250500659737732 Card 2675Merchant Category Code: 5814",16.22,,Posted,1864.78
"XXXXXX1009-S81",9/7/2022,,"Withdrawal POS #225097550301/POS NST THE HOME DEPOT 001206 3600 INTERSTATE HWY 35 AUSTIN TX Card 2675Merchant Category Code: 5200",34.17,,Posted,1881.00
"XXXXXX1009-S81",9/7/2022,,"Withdrawal Bill Payment #225028162506/BP TDS LANDFILL 800-3758375 TX Card 2675 Merchant Category Code: 4900",90.00,,Posted,1915.17
"XXXXXX1009-S81",9/7/2022,,"Withdrawal POS #225013226233/POS WALGREENS STORE 1505 W WH CEDAR PARK TX Card 3341Merchant Category Code: 5912",101.65,,Posted,2005.17
"XXXXXX1009-S81",9/7/2022,,"Withdrawal ACH FARMERS INS EXCH/TYPE: INSPAYMENT ID: 2432215866 DATA: BILL PAYMENT CO: FARMERS INS EXCH",1005.33,,Posted,2106.82
"XXXXXX1009-S81",9/7/2022,,"Withdrawal ACH INTUIT 68185175/TYPE: TRAN FEE ID: 9215986202 CO: INTUIT 68185175",34.65,,Posted,3112.15
"XXXXXX1009-S81",9/7/2022,,"Deposit ACH INTUIT 94019695/TYPE: DEPOSIT ID: 9215986202 CO: INTUIT 94019695",,1011.65,Posted,3146.80
"XXXXXX1009-S81",9/7/2022,,"Withdrawal DEBIT CARD/H-E-B #265 CEDAR PARK TX Date 09/06/22 24427332249740273473284 Card 4969Merchant Category Code: 5411",104.02,,Posted,2135.15
"XXXXXX1009-S81",9/7/2022,,"Withdrawal POS #7AEFRJZBMCE0/POS AMAZON.COM*1V1KC7BE2 SEATTLE WA Card 4969 Merchant Category Code: 5942",33.49,,Posted,2239.17
"XXXXXX1009-S81",9/7/2022,,"Withdrawal DEBIT CARD/APLUS OUTDOOR POWER EQUI LEANDER TX Date 09/06/22 24801972249207966600036 Card 2675Merchant Category Code: 5046",367.07,,Posted,2272.66
"XXXXXX1009-S81",9/6/2022,2696,"Check 2696 Tracer 828500000857925",750.00,,Posted,2639.73
"XXXXXX1009-S81",9/6/2022,2695,"Check 2695 Tracer 828500000856714",496.13,,Posted,3389.73
"XXXXXX1009-S81",9/6/2022,2690,"Check 2690 Tracer 828500000857248",750.00,,Posted,3885.86
"XXXXXX1009-S81",9/6/2022,2689,"Check 2689 Tracer 828500000856439",1780.00,,Posted,4635.86
"XXXXXX1009-S81",9/6/2022,2683,"Check 2683 Tracer 828500000857249",1160.00,,Posted,6415.86
"XXXXXX1009-S81",9/6/2022,,"Withdrawal POS #224946922200/POS ADVANCE AUTO PARTS 6264 1902 N BELL BLVD CEDAR PARK TX Card 2675Merchant Category Code: 5533",36.79,,Posted,7575.86
"XXXXXX1009-S81",9/6/2022,,"Withdrawal POS #224900327231/POS 7-ELEVEN 6111 Bee Cave Rd US Austin Card 4969 Merchant Category Code: 5542",55.53,,Posted,7612.65
"XXXXXX1009-S81",9/6/2022,,"Withdrawal Cash",1500.00,,Posted,7668.18
"XXXXXX1009-S81",9/6/2022,,"Withdrawal DEBIT CARD/DD DOORDASH CHINACAFE 855-973-1040 CA Date 09/06/22 24492152249743751494006 Card 3341Merchant Category Code: 5812",135.33,,Posted,9168.18
"XXXXXX1009-S81",9/6/2022,,"Withdrawal DEBIT CARD/RANDALLS #3145 LEANDER TX Date 09/05/22 24231682249837001146549 Card 2675Merchant Category Code: 5411",98.05,,Posted,9303.51
"XXXXXX1009-S81",9/6/2022,,"Deposit Reconciled 0000074",,.00,Posted,.00
"XXXXXX1009-S81",9/6/2022,,"Deposit Bulk/Checks 2,956.01 Check Count 5 Deposit Number 0000074",,2956.01,Posted,9401.56
"XXXXXX1009-S81",9/6/2022,,"Withdrawal POS #1Q9XYXWAOJ23/POS AMAZON.COM*1V9AO6VI2 SEATTLE WA Card 4969 Merchant Category Code: 4816",69.25,,Posted,6445.55
"XXXXXX1009-S81",9/6/2022,,"Withdrawal ACH BKAMERICA/TYPE: IC PAYMENT ID: 1409936115 CO: BKAMERICA",877.05,,Posted,6514.80
"XXXXXX1009-S81",9/6/2022,,"Withdrawal ACH CRATE &amp; BARREL/TYPE: PAYMENT ID: 9130142001 CO: CRATE &amp; BARREL NAME: 5243041004094603",350.00,,Posted,7391.85
"XXXXXX1009-S81",9/6/2022,,"Withdrawal ACH CAPITAL ONE/TYPE: CRCARDPMT ID: 9541719018 CO: CAPITAL ONE",200.00,,Posted,7741.85
"XXXXXX1009-S81",9/6/2022,,"Deposit ACH Ternion Growth P/TYPE: SIGONFILE ID: 9000830338 DATA: 805-680-2004 CO: Ternion Growth P",,597.54,Posted,7941.85
"XXXXXX1009-S81",9/6/2022,,"Deposit ACH Ternion Growth P/TYPE: SIGONFILE ID: 9000830338 DATA: 805-680-2004 CO: Ternion Growth P",,597.54,Posted,7344.31
"XXXXXX1009-S81",9/5/2022,,"Withdrawal POS #224800991755/POS 7-ELEVEN 900 West Whiteston US Cedar Park TX Card 3341Merchant Category Code: 5542",55.94,,Posted,6746.77
"XXXXXX1009-S81",9/5/2022,,"Withdrawal POS #224800012342/POS 7-ELEVEN 900 W WHITESTONE US CEDAR PARK TX Card 3341Merchant Category Code: 5541",16.34,,Posted,6802.71
"XXXXXX1009-S81",9/5/2022,,"Withdrawal DEBIT CARD/H-E-B ONLINE 855-803-0611 TX Date 09/04/22 24231682248400000002659 Card 4969Merchant Category Code: 5411",126.93,,Posted,6819.05
"XXXXXX1009-S81",9/5/2022,,"Withdrawal POS #224812523644/POS LOWE'S #2774 LEANDER TX Card 4969 Merchant Category Code: 5200",104.92,,Posted,6945.98
"XXXXXX1009-S81",9/5/2022,,"Recurring Withdrawal Bill Payment - #224803587944/BP APPLE COM BILL CUPERTINO CA Card 0718 Merchant Category Code: 4899",2.99,,Posted,7050.90
"XXXXXX1009-S81",9/4/2022,,"Withdrawal POS #224717688698/POS SHELL SERVICE STATION AUSTIN TX Card 4969 Merchant Category Code: 5542",72.32,,Posted,7053.89
"XXXXXX1009-S81",9/4/2022,,"Withdrawal DEBIT CARD/NORTHERN TOOL EQUIP AUSTIN TX Date 09/03/22 24692162247108022748136 Card 3341Merchant Category Code: 5251",79.00,,Posted,7126.21
"XXXXXX1009-S81",9/3/2022,,"Withdrawal POS #224622158833/POS WALGREENS STORE 1505 W WH CEDAR PARK TX Card 3341Merchant Category Code: 5912",105.95,,Posted,7205.21
"XXXXXX1009-S81",9/3/2022,,"Withdrawal DEBIT CARD/TEXACO 0359729 CEDAR PARK TX Date 09/03/22 24692162246107498517877 Card 3341Merchant Category Code: 5542",53.80,,Posted,7311.16
"XXXXXX1009-S81",9/3/2022,,"Withdrawal POS #224612265251/POS LOWE'S #1727 AUSTIN TX Card 3341 Merchant Category Code: 5200",124.03,,Posted,7364.96
"XXXXXX1009-S81",9/3/2022,,"Withdrawal DEBIT CARD/GRAINGER 877-2022594 IL Date 09/02/22 24755422246152462974045 Card 3341Merchant Category Code: 5085",54.52,,Posted,7488.99
"XXXXXX1009-S81",9/2/2022,,"Withdrawal POS #224500110514/POS DOLLAR-GENERAL # DG 066252802 S R LEANDER TX Card 4969Merchant Category Code: 5310",26.47,,Posted,7543.51
"XXXXXX1009-S81",9/2/2022,2676,"Check 2676 Tracer 828100000433511",5665.00,,Posted,7569.98
"XXXXXX1009-S81",9/2/2022,2672,"Check 2672 Tracer 828100000432683",1557.67,,Posted,13234.98
"XXXXXX1009-S81",9/2/2022,2671,"Check 2671 Tracer 828100000432725",277.05,,Posted,14792.65
"XXXXXX1009-S81",9/2/2022,2694,"Check 2694 Tracer 828100000316340",350.00,,Posted,15069.70
"XXXXXX1009-S81",9/2/2022,,"Withdrawal POS #224500074052/POS TARGET T-2409 10107 Research Blvd Austin TX Card 4969Merchant Category Code: 5411",124.13,,Posted,15419.70
"XXXXXX1009-S81",9/2/2022,2684,"Check 2684 Tracer 828100000279340",1200.00,,Posted,15543.83
"XXXXXX1009-S81",9/2/2022,,"Withdrawal DEBIT CARD/TEXAS HONE* TEXAS HONE rob@texashone TX Date 09/02/22 24492162245000030529687 Card 0718Merchant Category Code: 5812",36.40,,Posted,16743.83
"XXXXXX1009-S81",9/2/2022,,"Deposit Reconciled 0000086",,.00,Posted,.00
"XXXXXX1009-S81",9/2/2022,,"Withdrawal by Check/Check 05 505619 Disbursed 1,782.53",1785.53,,Posted,16780.23
"XXXXXX1009-S81",9/2/2022,,"Deposit Bulk/Checks 2,168.25 Check Count 3 Deposit Number 0000086",,2168.25,Posted,18565.76
"XXXXXX1009-S81",9/2/2022,,"Withdrawal POS #224513314954/POS EL RANCHO #18 8752 RESEARCH BLVD AUSTIN TX Card 3341Merchant Category Code: 5411",17.34,,Posted,16397.51
"XXXXXX1009-S81",9/2/2022,,"Withdrawal POS #224500348383/POS 7-ELEVEN 6111 Bee Cave Rd US Austin Card 0718 Merchant Category Code: 5542",115.52,,Posted,16414.85
"XXXXXX1009-S81",9/2/2022,,"Withdrawal POS #224571164200/POS SUNOCO 0953706900 3936 SOUTH IH 35 MARCOS TX Card 2675Merchant Category Code: 5542",44.02,,Posted,16530.37
"XXXXXX1009-S81",9/2/2022,,"Withdrawal ACH GUSTO/TYPE: FEE 384041 ID: 2453942850 DATA: 6semjmkgjj9 CO: GUSTO",105.53,,Posted,16574.39
"XXXXXX1009-S81",9/2/2022,,"Withdrawal ACH INTUIT 41335915/TYPE: TRAN FEE ID: 9215986202 CO: INTUIT 41335915",47.59,,Posted,16679.92
"XXXXXX1009-S81",9/2/2022,,"Deposit ACH INTUIT 67856725/TYPE: DEPOSIT ID: 9215986202 CO: INTUIT 67856725",,1623.75,Posted,16727.51
"XXXXXX1009-S81",9/2/2022,,"Recurring Withdrawal Bill Payment - #224423106084/BP HP *INSTANT INK 855-785-2777 CA Card 0001 Merchant Category Code: 5111",12.98,,Posted,15103.76
"XXXXXX1009-S81",9/2/2022,,"Deposit/Bill.com, LLC Visa Direct CA Date 09/02/22 0 2245695687 2 5734 Card 0001Merchant Category Code: 5734",,509.05,Posted,15116.74
"XXXXXX1009-S81",9/2/2022,,"Withdrawal DEBIT CARD/LOC CITIZENS*316572522 401-2825259 CT Date 09/01/22 24638572244016037014438 Card 4969Merchant Category Code: 6012",63.76,,Posted,14607.69
"XXXXXX1009-S81",9/1/2022,2692,"Check 2692 Tracer 828000000515681",1000.00,,Posted,14671.45
"XXXXXX1009-S81",9/1/2022,,"Withdrawal Cash",500.00,,Posted,15671.45
"XXXXXX1009-S81",9/1/2022,2685,"Check 2685 Tracer 828000000389001",2520.00,,Posted,16171.45
"XXXXXX1009-S81",9/1/2022,,"Withdrawal DEBIT CARD/SHELL OIL 57543321004 AUSTIN TX Date 08/31/22 24316052244548009354725 Card 2675Merchant Category Code: 5542",57.01,,Posted,18691.45
"XXXXXX1009-S81",9/1/2022,,"Withdrawal POS #224414676945/POS RANDALLS #1896 CEDAR PARK TX Card 3341 Merchant Category Code: 5411",27.57,,Posted,18748.46
"XXXXXX1009-S81",9/1/2022,2681,"Check 2681 Tracer 828000000327001",2411.83,,Posted,18776.03
"XXXXXX1009-S81",9/1/2022,2693,"Check 2693 Tracer 828000000308001",2725.00,,Posted,21187.86
"XXXXXX1009-S81",9/1/2022,2691,"Check 2691 Tracer 828000000121001",2942.50,,Posted,23912.86
"XXXXXX1009-S81",9/1/2022,,"Withdrawal Bill Payment #224428162447/BP TDS LANDFILL 800-3758375 TX Card 2675 Merchant Category Code: 4900",90.00,,Posted,26855.36
"XXXXXX1009-S81",9/1/2022,,"Withdrawal Bill Payment #224423162447/BP TDS LANDFILL 800-3758375 TX Card 2675 Merchant Category Code: 4900",90.00,,Posted,26945.36
"XXXXXX1009-S81",9/1/2022,,"Withdrawal ACH Financial Pacifi/TYPE: LEASE PYMT ID: 9118771358 CO: Financial Pacifi",524.83,,Posted,27035.36
"XXXXXX1009-S81",9/1/2022,,"Withdrawal ACH AMEX EPAYMENT/TYPE: ACH PMT ID: 0005000008 DATA: ER AM CO: AMEX EPAYMENT",464.65,,Posted,27560.19
"XXXXXX1009-S81",9/1/2022,,"Withdrawal DEBIT CARD/WINGSTOP - 411 - MCOMM 512-996-9464 TX Date 08/31/22 24269792244000983865845 Card 4969Merchant Category Code: 5814",28.87,,Posted,28024.84
"XXXXXX1009-S81",9/1/2022,,"Withdrawal DEBIT CARD/INNOVATIVE URGENT CARE AN 210-4556253 TX Date 08/31/22 24755422243272438271533 Card 4969Merchant Category Code: 8011",15.00,,Posted,28053.71
"XXXXXX1009-S81",9/1/2022,,"Withdrawal DEBIT CARD/PP*DUTCHBROSLL CEDAR PARK TX Date 08/31/22 24492152243894922123705 Card 4969Merchant Category Code: 5814",23.40,,Posted,28068.71
"XXXXXX1009-S81",9/1/2022,,"Withdrawal DEBIT CARD/CHICK-FIL-A #02322 CEDAR PARK TX Date 08/30/22 24427332243710013933604 Card 4969Merchant Category Code: 5814",24.71,,Posted,28092.11
"XXXXXX1009-S81",8/31/2022,,"Withdrawal TRANSACTION FEES",49.50,,Posted,28116.82
"XXXXXX1009-S81",8/31/2022,,"Withdrawal LOW BALANCE FEE",6.00,,Posted,28166.32
"XXXXXX1009-S81",8/31/2022,,"Withdrawal POS #224323660869/POS WALGREENS STORE 905 CRYST LEANDER TX Card 4969 Merchant Category Code: 5912",52.22,,Posted,28172.32
"XXXXXX1009-S81",8/31/2022,,"Withdrawal POS #224323545761/POS WALGREENS STORE 905 CRYST LEANDER TX Card 4969 Merchant Category Code: 5912",54.41,,Posted,28224.54
"XXXXXX1009-S81",8/31/2022,2677,"Check 2677 Tracer 827900000549176",1584.00,,Posted,28278.95
"XXXXXX1009-S81",8/31/2022,,"Withdrawal POS #000000EDDN7M/POS AMAZON.COM*8N8I86EA3 SEATTLE WA Card 4969 Merchant Category Code: 4816",91.40,,Posted,29862.95
"XXXXXX1009-S81",8/31/2022,2680,"Check 2680 Tracer 827900000358010",671.59,,Posted,29954.35
"XXXXXX1009-S81",8/31/2022,,"Withdrawal POS #224313500154/POS LOWE'S #689 AUSTIN TX Card 2675 Merchant Category Code: 5200",23.77,,Posted,30625.94
"XXXXXX1009-S81",8/31/2022,,"Deposit Reconciled 0000019",,.00,Posted,.00
"XXXXXX1009-S81",8/31/2022,,"Deposit Bulk/Checks 20,726.62 Check Count 1 Deposit Number 0000019",,20726.62,Posted,30649.71
"XXXXXX1009-S81",8/31/2022,,"Withdrawal POS #224300226604/POS 7-ELEVEN 1870 S. Bagdad Roa US TX Card 4969Merchant Category Code: 5542",58.53,,Posted,9923.09
"XXXXXX1009-S81",8/31/2022,,"Withdrawal ACH MDVIP, INC/TYPE: 8778861411 ID: 0009122507 DATA: 2722924932145 CO: MDVIP, INC NAME: Martha Hernandez",450.00,,Posted,9981.62
"XXXXXX1009-S81",8/31/2022,,"Withdrawal DEBIT CARD/WINGSTOP - 411 - MCOMM 512-996-9464 TX Date 08/30/22 24269792243000947023391 Card 4969Merchant Category Code: 5814",25.82,,Posted,10431.62
"XXXXXX1009-S81",8/31/2022,,"Withdrawal POS #000000EDDO7C/POS AMAZON.COM*8B5VE70P3 SEATTLE WA Card 4969 Merchant Category Code: 4816",30.82,,Posted,10457.44
"XXXXXX1009-S81",8/31/2022,,"Withdrawal DEBIT CARD/CHEVRON 0309325 AUSTIN TX Date 08/30/22 24692162242104611246959 Card 3341Merchant Category Code: 5541",13.26,,Posted,10488.26
"XXXXXX1009-S81",8/31/2022,,"Withdrawal DEBIT CARD/AMZN Mktp US*Y61OT9AQ3 Amzn.com/bill WA Date 08/30/22 24692162242104585356677 Card 0001Merchant Category Code: 5942",7.57,,Posted,10501.52
"XXXXXX1009-S81",8/30/2022,,"Withdrawal DEBIT CARD/CHEVRON 0155648 AUSTIN TX Date 08/30/22 24692162242104344134910 Card 2675Merchant Category Code: 5542",150.14,,Posted,10509.09
"XXXXXX1009-S81",8/30/2022,,"Withdrawal POS #ZOPUQFT2K540/POS AMAZON.COM*OJ6WV1FJ3 SEATTLE WA Card 4969 Merchant Category Code: 4816",181.80,,Posted,10659.23
"XXXXXX1009-S81",8/30/2022,,"Withdrawal POS #189VVD4IU7NC/POS AMAZON.COM*XB7497343 SEATTLE WA Card 0001 Merchant Category Code: 4816",39.12,,Posted,10841.03
"XXXXXX1009-S81",8/30/2022,,"Withdrawal POS #2DWD2P90E6BX/POS AMAZON.COM*1V11P9XF1 SEATTLE WA Card 0001 Merchant Category Code: 4816",111.01,,Posted,10880.15
"XXXXXX1009-S81",8/30/2022,,"Withdrawal ACH HEALTH CARE SERV/TYPE: OBPPAYMT ID: 3000027465 CO: HEALTH CARE SERV",3563.84,,Posted,10991.16
"XXXXXX1009-S81",8/30/2022,,"Withdrawal ACH GUSTO/TYPE: TAX 030616 ID: 9138864001 DATA: 3qhk CO: GUSTO",1893.21,,Posted,14555.00
"XXXXXX1009-S81",8/30/2022,,"Withdrawal POS #224220059901/POS NST THE HOME DEPOT 001471 1200 HOME DEPOT BLVD SUNSET VALLEY TX Card 2675Merchant Category Code: 5200",75.40,,Posted,16448.21
"XXXXXX1009-S81",8/30/2022,,"Withdrawal DEBIT CARD/MCDONALD'S F11177 BASTROP TX Date 08/29/22 24427332241720212176212 Card 3341Merchant Category Code: 5814",6.15,,Posted,16523.61
"XXXXXX1009-S81",8/29/2022,,"Withdrawal POS #224118621434/POS RANDALLS #3145 LEANDER TX Card 4969 Merchant Category Code: 5411",51.11,,Posted,16529.76
"XXXXXX1009-S81",8/29/2022,,"Withdrawal POS #224100965773/POS 7-ELEVEN 6111 BEE CAVE RD US AUSTIN Card 3341 Merchant Category Code: 5541",11.36,,Posted,16580.87
"XXXXXX1009-S81",8/29/2022,,"Withdrawal POS #224120905604/POS OFFICE DEPOT 00 701 S CAP AUSTIN TX Card 2675 Merchant Category Code: 5943",25.60,,Posted,16592.23
"XXXXXX1009-S81",8/29/2022,,"Withdrawal POS #224101107400/POS SHELL SERVICE STATION SAN MARCOS TX Card 2675 Merchant Category Code: 5542",58.07,,Posted,16617.83
"XXXXXX1009-S81",8/29/2022,,"Deposit Reconciled 0000038",,.00,Posted,.00
"XXXXXX1009-S81",8/29/2022,,"Deposit Bulk/Checks 16,512.67 Check Count 3 Deposit Number 0000038",,16512.67,Posted,16675.90
"XXXXXX1009-S81",8/29/2022,,"Withdrawal POS #224100174052/POS TARGET T-2429 135 Creekside Way New Braunfels TX Card 3341Merchant Category Code: 5411",5.17,,Posted,163.23
"XXXXXX1009-S81",8/29/2022,,"Recurring Withdrawal DEBIT CARD/APPLE.COM/BILL 866-712-7753 CA Date 08/29/22 24692162241103443512134 Card 0718Merchant Category Code: 5818",13.87,,Posted,168.40
"XXXXXX1009-S81",8/29/2022,,"Withdrawal ACH ALLY/TYPE: ALLY PAYMT ID: 9833122002 CO: ALLY",509.98,,Posted,182.27
"XXXXXX1009-S81",8/29/2022,,"Withdrawal DEBIT CARD/PRO SERVE ENTERPRISE AUSTIN TX Date 08/26/22 24251382240030114052025 Card 3341Merchant Category Code: 2842",28.25,,Posted,692.25
"XXXXXX1009-S81",8/28/2022,,"Withdrawal POS #224017830629/POS RANDALLS #3145 LEANDER TX Card 4969 Merchant Category Code: 5411",171.55,,Posted,720.50
"XXXXXX1009-S81",8/28/2022,,"Withdrawal DEBIT CARD/APPLE.COM/BILL 866-712-7753 CA Date 08/28/22 24692162240103030254448 Card 4969Merchant Category Code: 5735",21.64,,Posted,892.05
"XXXXXX1009-S81",8/28/2022,,"Withdrawal DEBIT CARD/CHEVRON 0309325 AUSTIN TX Date 08/28/22 24692162240102957395796 Card 3341Merchant Category Code: 5542",21.64,,Posted,913.69
"XXXXXX1009-S81",8/28/2022,,"Withdrawal DEBIT CARD/H-E-B #265 CEDAR PARK TX Date 08/27/22 24427332239740280171659 Card 3341Merchant Category Code: 5411",103.77,,Posted,935.33
"XXXXXX1009-S81",8/28/2022,,"Withdrawal Bill Payment #224021026706/BP FORTIVA 855-802-5572 GA Card 4969 Merchant Category Code: 6051",43.85,,Posted,1039.10
"XXXXXX1009-S81",8/28/2022,,"Withdrawal DEBIT CARD/CARENOW-CEDAR PARK CEDAR PARK TX Date 08/27/22 24761972239286652900033 Card 4969Merchant Category Code: 8011",100.00,,Posted,1082.95
"XXXXXX1009-S81",8/28/2022,,"Withdrawal DEBIT CARD/CHICK-FIL-A #04062 LEANDER TX Date 08/26/22 24427332239710029759304 Card 4969Merchant Category Code: 5814",32.17,,Posted,1182.95
"XXXXXX1009-S81",8/28/2022,,"Withdrawal POS #223921256490/POS QT 4150 INSIDE AUSTIN TX Card 4969 Merchant Category Code: 5541",34.54,,Posted,1215.12
"XXXXXX1009-S81",8/27/2022,,"Withdrawal POS #223916706415/POS H-E-B #451 AUSTIN TX Card 3341 Merchant Category Code: 5411",101.47,,Posted,1249.66
"XXXXXX1009-S81",8/27/2022,,"Withdrawal at ATM #223919528950/ATM M179968 2009 CAPITAL OF TEXAS H TX Card 3341Merchant Category Code: 6011",500.00,,Posted,1351.13
"XXXXXX1009-S81",8/27/2022,,"Withdrawal POS #223916763494/POS WALGREENS STORE 905 CRYST LEANDER TX Card 4969 Merchant Category Code: 5912",25.42,,Posted,1851.13
"XXXXXX1009-S81",8/27/2022,,"Withdrawal POS #223910368465/POS MURPHY EXPRESS 8614 CEDAR PARK TX Card 3341 Merchant Category Code: 5542",37.78,,Posted,1876.55
"XXXXXX1009-S81",8/26/2022,,"Withdrawal DEBIT CARD/TARGET 00023424 CEDAR PARK TX Date 08/26/22 24164072238091017407176 Card 4969Merchant Category Code: 5411",82.89,,Posted,1914.33
"XXXXXX1009-S81",8/26/2022,,"Withdrawal POS #223817027682/POS SHELL SERVICE STATION AUSTIN TX Card 3341 Merchant Category Code: 5541",64.44,,Posted,1997.22
"XXXXXX1009-S81",8/26/2022,,"Deposit Reconciled 0000134",,.00,Posted,.00
"XXXXXX1009-S81",8/26/2022,,"Deposit Bulk/Checks 588.88 Check Count 1 Deposit Number 0000134",,588.88,Posted,2061.66
"XXXXXX1009-S81",8/26/2022,,"Withdrawal DEBIT CARD/SHELL OIL 57546541103 CEDAR PARK TX Date 08/25/22 24316052238548701577373 Card 0001Merchant Category Code: 5542",82.57,,Posted,1472.78
"XXXXXX1009-S81",8/26/2022,,"Recurring Withdrawal Bill Payment - #223814258226/BP APPLE COM BILL CUPERTINO CA Card 4969 Merchant Category Code: 4899",9.73,,Posted,1555.35
"XXXXXX1009-S81",8/26/2022,,"Recurring Withdrawal Bill Payment - #223811423143/BP APPLE COM BILL CUPERTINO CA Card 4969 Merchant Category Code: 4899",5.40,,Posted,1565.08
"XXXXXX1009-S81",8/26/2022,,"Withdrawal DEBIT CARD/APPLE.COM/BILL 866-712-7753 CA Date 08/26/22 24692162238101264577652 Card 4969Merchant Category Code: 5735",7.10,,Posted,1570.48
"XXXXXX1009-S81",8/26/2022,,"Withdrawal DEBIT CARD/LOTUS HUNAN AUSTIN TX Date 08/25/22 24801972238091155000932 Card 3341Merchant Category Code: 5814",21.72,,Posted,1577.58
"XXXXXX1009-S81",8/26/2022,,"Withdrawal DEBIT CARD/WHATABURGER 795 Q26 GIDDINGS TX Date 08/25/22 24692162238101087115821 Card 3341Merchant Category Code: 5814",27.08,,Posted,1599.30
"XXXXXX1009-S81",8/25/2022,,"Withdrawal POS #223700222942/POS 7-ELEVEN 1870 S BAGDAD RD US LEANDER TX Card 4969Merchant Category Code: 5541",31.43,,Posted,1626.38
"XXXXXX1009-S81",8/25/2022,,"Withdrawal POS #223794667900/POS FUEL MAXX # 17 52450 HWY 290 TX Card 3341Merchant Category Code: 5541",4.52,,Posted,1657.81
"XXXXXX1009-S81",8/25/2022,,"Withdrawal DEBIT CARD/SHELL OIL 57546015504 CEDAR PARK TX Date 08/24/22 24316052237548548620569 Card 3341Merchant Category Code: 5541",14.60,,Posted,1662.33
"XXXXXX1009-S81",8/25/2022,,"Withdrawal POS #223787564600/POS 7-ELEVEN 34251 9200 BURNET ROAD TX Card 2675Merchant Category Code: 5542",52.72,,Posted,1676.93
"XXXXXX1009-S81",8/25/2022,,"Withdrawal POS #223783567700/POS 7-ELEVEN 34251 9200 BURNET ROAD TX Card 2675Merchant Category Code: 5542",3.41,,Posted,1729.65
"XXXXXX1009-S81",8/25/2022,,"Withdrawal POS #223700166011/POS 7-ELEVEN 1870 S. Bagdad Roa US TX Card 4969Merchant Category Code: 5542",39.85,,Posted,1733.06
"XXXXXX1009-S81",8/25/2022,,"Withdrawal POS #223700177097/POS 7-ELEVEN 1870 S BAGDAD RD US LEANDER TX Card 4969Merchant Category Code: 5541",2.26,,Posted,1772.91
"XXXXXX1009-S81",8/25/2022,,"Withdrawal DEBIT CARD/VIVINT INC/US 800-216-5232 UT Date 08/25/22 24430992237083319069349 Card 4969Merchant Category Code: 7393",61.13,,Posted,1775.17
"XXXXXX1009-S81",8/25/2022,,"Withdrawal DEBIT CARD/JIFFY LUBE 3036 AUSTIN TX Date 08/24/22 24231682236837000703675 Card 0718Merchant Category Code: 7538",127.03,,Posted,1836.30
"XXXXXX1009-S81",8/24/2022,,"Withdrawal POS #223700395549/POS ACADEMY SPORTS #123 CEDAR PARK TX Card 4969 Merchant Category Code: 5941",138.48,,Posted,1963.33
"XXXXXX1009-S81",8/24/2022,,"Withdrawal POS #223623548186/POS WALGREENS STORE 905 CRYST LEANDER TX Card 4969 Merchant Category Code: 5912",102.80,,Posted,2101.81
"XXXXXX1009-S81",8/24/2022,,"Withdrawal DEBIT CARD/SQ *SANA VIDA WELLNESS CE gosq.com TX Date 08/24/22 24692162236100047852392 Card 4969Merchant Category Code: 8011",149.00,,Posted,2204.61
"XXXXXX1009-S81",8/24/2022,,"Withdrawal POS #223600542415/POS 7-ELEVEN 6111 BEE CAVE RD US AUSTIN Card 3341 Merchant Category Code: 5541",11.36,,Posted,2353.61
"XXXXXX1009-S81",8/24/2022,,"Withdrawal DEBIT CARD/PHR*UrgentCareforKids 512-9969899 TX Date 08/23/22 24906412235154619454683 Card 4969Merchant Category Code: 8011",35.00,,Posted,2364.97
"XXXXXX1009-S81",8/24/2022,,"Withdrawal DEBIT CARD/TX REAL ESTATE COMM EGOV.COM TX Date 08/23/22 24733092236091691003632 Card 4969Merchant Category Code: 9399",185.00,,Posted,2399.97
"XXXXXX1009-S81",8/23/2022,2659,"Check 2659 Tracer 827100000391425",750.00,,Posted,2584.97
"XXXXXX1009-S81",8/23/2022,2657,"Check 2657 Tracer 827100000391299",250.00,,Posted,3334.97
"XXXXXX1009-S81",8/23/2022,,"Withdrawal DEBIT CARD/TRAVIS CO WCID NO 10 512-2461400 TX Date 08/22/22 24794872235900012502506 Card 0718Merchant Category Code: 4900",200.00,,Posted,3584.97
"XXXXXX1009-S81",8/23/2022,,"Withdrawal DEBIT CARD/AVR, INC. 866-5131550 TX Date 08/22/22 24794872235900010335271 Card 0718Merchant Category Code: 5045",10.00,,Posted,3784.97
"XXXXXX1009-S81",8/23/2022,,"Withdrawal DEBIT CARD/ALAMO SPECIALTY PHARMACY 210-8686140 TX Date 08/22/22 24325452235900017237842 Card 4969Merchant Category Code: 5912",25.00,,Posted,3794.97
"XXXXXX1009-S81",8/23/2022,,"Withdrawal POS #223583784400/POS EXPRESS FOOD MART 4 5401 MANCHACA RD AUSTIN TX Card 0718Merchant Category Code: 5542",5.39,,Posted,3819.97
"XXXXXX1009-S81",8/23/2022,,"Withdrawal POS #223584769300/POS EXPRESS FOOD MART 4 5401 MANCHACA RD AUSTIN TX Card 0718Merchant Category Code: 5542",125.00,,Posted,3825.36
"XXXXXX1009-S81",8/23/2022,,"Withdrawal POS #223500996220/POS 7-ELEVEN 6111 Bee Cave Rd US Austin Card 0718 Merchant Category Code: 5542",50.30,,Posted,3950.36
"XXXXXX1009-S81",8/23/2022,,"Withdrawal Bill Payment #223521109016/BP CULLIGAN/ULTRAPURE WAT 507-200-0820 Card 0718 Merchant Category Code: 4900",105.32,,Posted,4000.66
"XXXXXX1009-S81",8/23/2022,,"Withdrawal ACH DISCOVER BANK/TYPE: PREARRANGE ID: 6510020271 DATA: DC FINOUT DPLSVCPAY CO: DISCOVER BANK",656.20,,Posted,4105.98
"XXXXXX1009-S81",8/23/2022,,"Withdrawal DEBIT CARD/VIVINT INC/US 800-216-5232 UT Date 08/23/22 24430992235083356222787 Card 0718Merchant Category Code: 7393",45.97,,Posted,4762.18
"XXXXXX1009-S81",8/23/2022,,"Withdrawal DEBIT CARD/VIVINT INC/US 800-216-5232 UT Date 08/23/22 24430992235083752444290 Card 4969Merchant Category Code: 7393",39.48,,Posted,4808.15
"XXXXXX1009-S81",8/23/2022,,"Deposit/Bill.com, LLC Visa Direct CA Date 08/23/22 0 2235281609 2 5734 Card 0001Merchant Category Code: 5734",,2048.88,Posted,4847.63
"XXXXXX1009-S81",8/23/2022,,"Withdrawal DEBIT CARD/CLIP IT - BARTON CREEK HURST TX Date 08/21/22 24754792234017019221557 Card 4969Merchant Category Code: 5699",16.18,,Posted,2798.75
"XXXXXX1009-S81",8/23/2022,,"Withdrawal DEBIT CARD/AMZN Mktp US*RG5T84IG3 Amzn.com/bill WA Date 08/22/22 24692162234100654248837 Card 4969Merchant Category Code: 5942",145.10,,Posted,2814.93
"XXXXXX1009-S81",8/22/2022,2656,"Check 2656 Tracer 827000000323309",750.00,,Posted,2960.03
"XXXXXX1009-S81",8/22/2022,,"Withdrawal POS #223486237200/POS 2402 LAKE AUSTIN INC 2402 LAKE BLVD AUSTIN TX Card 2675Merchant Category Code: 5542",50.11,,Posted,3710.03
"XXXXXX1009-S81",8/22/2022,,"Withdrawal Cash",600.00,,Posted,3760.14
"XXXXXX1009-S81",8/22/2022,,"Withdrawal POS #223484249200/POS BURPY MARKET 6311 BURLESON ROAD TX Card 2675Merchant Category Code: 5542",43.18,,Posted,4360.14
"XXXXXX1009-S81",8/22/2022,,"Withdrawal DEBIT CARD/AMZN Mktp US*BK9YE0703 Amzn.com/bill WA Date 08/22/22 24692162234100345313792 Card 4969Merchant Category Code: 5942",12.98,,Posted,4403.32
"XXXXXX1009-S81",8/22/2022,,"Withdrawal ACH WEBFILE TAX PYMT/TYPE: DD ID: 2146000311 DATA: CPA TAX PAYMENTS CO: WEBFILE TAX PYMT",6132.98,,Posted,4416.30
"XXXXXX1009-S81",8/22/2022,,"Withdrawal ACH AMEX EPAYMENT/TYPE: ACH PMT ID: 0005000040 DATA: AM CO: AMEX EPAYMENT",329.00,,Posted,10549.28
"XXXXXX1009-S81",8/22/2022,,"Withdrawal DEBIT CARD/TARGET 00023424 CEDAR PARK TX Date 08/21/22 24164072233091008409319 Card 4969Merchant Category Code: 5411",100.89,,Posted,10878.28
"XXXXXX1009-S81",8/22/2022,,"Withdrawal DEBIT CARD/THRALL FOOD STORE THRALL TX Date 08/20/22 24427332233120005034829 Card 3341Merchant Category Code: 5541",38.31,,Posted,10979.17
"XXXXXX1009-S81",8/21/2022,,"Withdrawal DEBIT CARD/SQ *BARTON CREEK SOCCER I Austin TX Date 08/21/22 24692162233100811548401 Card 4969Merchant Category Code: 5999",51.93,,Posted,11017.48
"XXXXXX1009-S81",8/21/2022,,"Withdrawal POS #223315104374/POS EL RANCHO #18 8752 RESEARCH BLVD AUSTIN TX Card 3341Merchant Category Code: 5411",149.37,,Posted,11069.41
"XXXXXX1009-S81",8/21/2022,,"Withdrawal DEBIT CARD/FISH DADDYS COLLEGE STATI COLLEGE STA TX Date 08/20/22 24717052233152334926568 Card 3341Merchant Category Code: 5812",109.83,,Posted,11218.78
"XXXXXX1009-S81",8/21/2022,,"Withdrawal POS #223316143701/POS NST THE HOME DEPOT 001263 11301 LAKELINE RD AUSTIN TX Card 2675Merchant Category Code: 5200",7.56,,Posted,11328.61
"XXXXXX1009-S81",8/21/2022,,"Withdrawal DEBIT CARD/SODA SNACK VENDING AUSTIN TX Date 08/20/22 24055232233400497038566 Card 3341Merchant Category Code: 5814",2.10,,Posted,11336.17
"XXXXXX1009-S81",8/21/2022,,"Withdrawal DEBIT CARD/CHICK-FIL-A #04062 LEANDER TX Date 08/19/22 24427332232710029933062 Card 4969Merchant Category Code: 5814",25.04,,Posted,11338.27
"XXXXXX1009-S81",8/20/2022,,"Withdrawal POS #2SI2SLU2ZV7Z/POS AMAZON.COM*2J7FP0CJ3 SEATTLE WA Card 4969 Merchant Category Code: 4816",40.04,,Posted,11363.31
"XXXXXX1009-S81",8/20/2022,,"Withdrawal POS #223259367700/POS A &amp; H FOOD MART 425 SOUTH TEXAS COLLEGE STATI TX Card 3341Merchant Category Code: 5541",41.55,,Posted,11403.35
"XXXXXX1009-S81",8/20/2022,,"Withdrawal POS #223208238999/POS CNS AGGIELAND OUTFI000346 303 UNIVERSITY DRIVE EA COLLEGE STATI TX Card 3341Merchant Category Code: 5691",484.88,,Posted,11444.90
"XXXXXX1009-S81",8/20/2022,,"Withdrawal POS #223211356801/POS NST THE HOME DEPOT 002061 1615 UNIVERSITY DR COLLEGE STATI TX Card 3341Merchant Category Code: 5200",8.63,,Posted,11929.78
"XXXXXX1009-S81",8/20/2022,,"Withdrawal POS #223212904000/POS 7-ELEVEN 36609 10800 RESEARCH BLVD AUSTIN TX Card 2675Merchant Category Code: 5542",67.23,,Posted,11938.41
"XXXXXX1009-S81",8/20/2022,,"Withdrawal POS #223212934989/POS BUC-EE'S #28 1700 HWY 71 E BASTROP Card 3341 Merchant Category Code: 5411",16.22,,Posted,12005.64
"XXXXXX1009-S81",8/20/2022,,"Withdrawal POS #223211892175/POS BUC-EE'S #28 OUTSIDE 1700 HWY 71 E BASTROP TX Card 3341Merchant Category Code: 5542",55.90,,Posted,12021.86
"XXXXXX1009-S81",8/20/2022,,"Withdrawal POS #223234103501/POS NST THE HOME DEPOT 002778 11301 LAKELINE RD AUSTIN TX Card 3341Merchant Category Code: 5200",12.48,,Posted,12077.76
"XXXXXX1009-S81",8/20/2022,,"Withdrawal POS #223207878302/POS NST THE HOME DEPOT 001507 11301 LAKELINE RD AUSTIN TX Card 3341Merchant Category Code: 5200",4.29,,Posted,12090.24
"XXXXXX1009-S81",8/20/2022,,"Withdrawal Adjustment POS #223279878301/POS NST THE HOME DEPOT 000703 11301 LAKELINE RD AUSTIN TX Card 3341Merchant Category Code: 5200",,4.29,Posted,12094.53
"XXXXXX1009-S81",8/20/2022,,"Withdrawal POS #223279878301/POS NST THE HOME DEPOT 000703 11301 LAKELINE RD AUSTIN TX Card 3341Merchant Category Code: 5200",4.29,,Posted,12090.24
"XXXXXX1009-S81",8/20/2022,,"Withdrawal DEBIT CARD/CITY OF LEANDER UTILITY 512-5282700 TX Date 08/19/22 24755422232642323989287 Card 4969Merchant Category Code: 4900",272.38,,Posted,12094.53
"XXXXXX1009-S81",8/20/2022,,"Withdrawal DEBIT CARD/MUNICIPAL ONLINE PAYMENTS 844-7244507 TX Date 08/19/22 24755422232642322042344 Card 4969Merchant Category Code: 7372",1.25,,Posted,12366.91
"XXXXXX1009-S81",8/20/2022,,"Withdrawal DEBIT CARD/FAJITA PETES - MOPAC AUSTIN TX Date 08/19/22 24269792232001028788087 Card 3341Merchant Category Code: 5812",27.17,,Posted,12368.16
"XXXXXX1009-S81",8/20/2022,,"Withdrawal Bill Payment #223224812402/BP ATT* BILL PAYMENT 800-331-0500 TX Card 4969 Merchant Category Code: 4814",478.45,,Posted,12395.33
"XXXXXX1009-S81",8/20/2022,,"Withdrawal DEBIT CARD/CHICK-FIL-A #00737 CANYON LAKE TX Date 08/18/22 24427332231710005480345 Card 3341Merchant Category Code: 5814",9.08,,Posted,12873.78
"XXXXXX1009-S81",8/19/2022,2675,"Check 2675 Tracer 826700000303328",216.50,,Posted,12882.86
"XXXXXX1009-S81",8/19/2022,2668,"Check 2668 Tracer 826700000303344",1600.00,,Posted,13099.36
"XXXXXX1009-S81",8/19/2022,2663,"Check 2663 Tracer 826700000303345",1170.00,,Posted,14699.36
"XXXXXX1009-S81",8/19/2022,2645,"Check 2645 Tracer 826700000303893",2400.00,,Posted,15869.36
"XXXXXX1009-S81",8/19/2022,,"Withdrawal POS #223122427207/POS WALGREENS STORE 1505 W WH CEDAR PARK TX Card 3341Merchant Category Code: 5912",10.81,,Posted,18269.36
"XXXXXX1009-S81",8/19/2022,2667,"Check 2667 Tracer 826700000358324",1550.00,,Posted,18280.17
"XXXXXX1009-S81",8/19/2022,,"Withdrawal POS #223100843089/POS 7-ELEVEN 6111 BEE CAVE RD US AUSTIN Card 3341 Merchant Category Code: 5541",13.41,,Posted,19830.17
"XXXXXX1009-S81",8/19/2022,,"Withdrawal DEBIT CARD/EXXONMOBIL 48365084 AUSTIN TX Date 08/18/22 24164052231837007977084 Card 3341Merchant Category Code: 5541",36.51,,Posted,19843.58
"XXXXXX1009-S81",8/19/2022,,"Withdrawal ACH AMEX EPAYMENT/TYPE: ACH PMT ID: 0005000008 DATA: ER AM CO: AMEX EPAYMENT",464.65,,Posted,19880.09
"XXXXXX1009-S81",8/19/2022,,"Withdrawal DEBIT CARD/H-E-B #265 CEDAR PARK TX Date 08/18/22 24427332230740281962378 Card 4969Merchant Category Code: 5411",14.47,,Posted,20344.74
"XXXXXX1009-S81",8/19/2022,,"Withdrawal DEBIT CARD/LAKELINE XPRESS MART CEDAR PARK TX Date 08/18/22 24137462231600150966741 Card 3341Merchant Category Code: 5541",12.39,,Posted,20359.21
"XXXXXX1009-S81",8/18/2022,,"Withdrawal Bill Payment #223027100379/BP ALLSTATE *PAYMENT 800-255-7828 IL Card 0001 Merchant Category Code: 6300",1740.00,,Posted,20371.60
"XXXXXX1009-S81",8/18/2022,2670,"Check 2670 Tracer 826600000240665",120.00,,Posted,22111.60
"XXXXXX1009-S81",8/18/2022,2640,"Check 2640 Tracer 826600000240039",277.05,,Posted,22231.60
"XXXXXX1009-S81",8/18/2022,,"Withdrawal DEBIT CARD/RANDALLS #3145 LEANDER TX Date 08/17/22 24231682230837001900599 Card 4969Merchant Category Code: 5411",149.67,,Posted,22508.65
"XXXXXX1009-S81",8/18/2022,,"Withdrawal Transfer To Loan 00",200.00,,Posted,22658.32
"XXXXXX1009-S81",8/18/2022,,"Withdrawal Cash",1100.00,,Posted,22858.32
"XXXXXX1009-S81",8/18/2022,,"Deposit Reconciled 0000012",,.00,Posted,.00
"XXXXXX1009-S81",8/18/2022,,"Deposit Bulk/Checks 6,122.62 Check Count 1 Deposit Number 0000012",,6122.62,Posted,23958.32
"XXXXXX1009-S81",8/18/2022,,"Withdrawal POS #223014760700/POS 7-ELEVEN 34251 9200 BURNET ROAD TX Card 2675Merchant Category Code: 5542",54.11,,Posted,17835.70
"XXXXXX1009-S81",8/18/2022,,"Withdrawal POS #223000827919/POS 7-ELEVEN 9200 BURNET RD US AUSTIN TX Card 2675 Merchant Category Code: 5541",6.55,,Posted,17889.81
"XXXXXX1009-S81",8/18/2022,,"Withdrawal ACH GUSTO/TYPE: TAX 610410 ID: 9138864001 DATA: 3qhk CO: GUSTO",1629.35,,Posted,17896.36
"XXXXXX1009-S81",8/18/2022,,"Withdrawal ACH *LINCOLN NATLIFE/TYPE: PREMPAYMNT ID: 3504728231 DATA: 0018400TER CO: *LINCOLN NATLIFE",316.91,,Posted,19525.71
"XXXXXX1009-S81",8/18/2022,,"Withdrawal ACH HOME DEPOT/TYPE: AUTO PYMT ID: CITIAUTFDR CO: HOME DEPOT",29.00,,Posted,19842.62
"XXXXXX1009-S81",8/18/2022,,"Withdrawal DEBIT CARD/TEXASGASSERVICE 800-700-2443 OK Date 08/17/22 24492152229717070692262 Card 0718Merchant Category Code: 4900",27.91,,Posted,19871.62
"XXXXXX1009-S81",8/18/2022,,"Withdrawal DEBIT CARD/CVS/PHARMACY #07243 AUSTIN TX Date 08/17/22 24137462230001225963071 Card 0718Merchant Category Code: 5912",25.97,,Posted,19899.53
"XXXXXX1009-S81",8/18/2022,,"Withdrawal DEBIT CARD/PAYPAL *HITECHPOWER HITEC 402-935-7733 Date 08/17/22 24492152229852288215224 Card 4969Merchant Category Code: 4816",249.68,,Posted,19925.50
"XXXXXX1009-S81",8/18/2022,,"Withdrawal DEBIT CARD/PAYPAL *HITECHPOWER HITEC 402-935-7733 Date 08/17/22 24492152229852288260386 Card 4969Merchant Category Code: 4816",212.50,,Posted,20175.18
"XXXXXX1009-S81",8/18/2022,,"Withdrawal DEBIT CARD/PAYPAL *HITECHPOWER HITEC 402-935-7733 Date 08/17/22 24492152229852288305983 Card 4969Merchant Category Code: 4816",743.75,,Posted,20387.68
"XXXXXX1009-S81",8/18/2022,,"Withdrawal DEBIT CARD/TAQUERIA ARANDAS # 2 AUSTIN TX Date 08/17/22 24036282229030020113894 Card 3341Merchant Category Code: 5812",43.49,,Posted,21131.43
"XXXXXX1009-S81",8/17/2022,2655,"Check 2655 Tracer 826500000349882",1100.00,,Posted,21174.92
"XXXXXX1009-S81",8/17/2022,2674,"Check 2674 Tracer 826500000303001",2411.83,,Posted,22274.92
"XXXXXX1009-S81",8/17/2022,,"Withdrawal POS #222900886710/POS 7-ELEVEN 13201 RR 620 US AUSTIN TX Card 4969 Merchant Category Code: 5541",11.28,,Posted,24686.75
"XXXXXX1009-S81",8/17/2022,2641,"Check 2641 Tracer 826500000203001",1557.67,,Posted,24698.03
"XXXXXX1009-S81",8/17/2022,2673,"Check 2673 Tracer 826500000164001",671.58,,Posted,26255.70
"XXXXXX1009-S81",8/17/2022,2654,"Check 2654 Tracer 826500000159001",1442.50,,Posted,26927.28
"XXXXXX1009-S81",8/17/2022,,"Deposit Reconciled 0000028",,.00,Posted,.00
"XXXXXX1009-S81",8/17/2022,,"Deposit Bulk/Checks 27,049.32 Check Count 13 Deposit Number 0000028",,27049.32,Posted,28369.78
"XXXXXX1009-S81",8/17/2022,,"Withdrawal ACH CHASE CREDIT CRD/TYPE: AUTOPAY ID: 4760039224 CO: CHASE CREDIT CRD",400.00,,Posted,1320.46
"XXXXXX1009-S81",8/17/2022,,"Withdrawal ACH ATT/TYPE: Payment ID: 9864031004 CO: ATT",79.58,,Posted,1720.46
"XXXXXX1009-S81",8/17/2022,,"Withdrawal DEBIT CARD/Audible*ZD87F9853 Amzn.com/bill NJ Date 08/17/22 24692162229100103681965 Card 0718Merchant Category Code: 5968",16.18,,Posted,1800.04
"XXXXXX1009-S81",8/17/2022,,"Withdrawal DEBIT CARD/PRO SERVE ENTERPRISE AUSTIN TX Date 08/15/22 24251382228030047735395 Card 2675Merchant Category Code: 2842",29.41,,Posted,1816.22
"XXXXXX1009-S81",8/17/2022,,"Withdrawal DEBIT CARD/ROCKDALE VALERO ROCKDALE TX Date 08/15/22 24427332228120004638148 Card 0718Merchant Category Code: 5541",2.91,,Posted,1845.63
"XXXXXX1009-S81",8/16/2022,2660,"Check 2660 Tracer 826400000312399",1905.00,,Posted,1848.54
"XXXXXX1009-S81",8/16/2022,2653,"Check 2653 Tracer 826400000311422",2900.00,,Posted,3753.54
"XXXXXX1009-S81",8/16/2022,2648,"Check 2648 Tracer 826400000311513",250.00,,Posted,6653.54
"XXXXXX1009-S81",8/16/2022,2627,"Check 2627 Tracer 826400000311512",250.00,,Posted,6903.54
"XXXXXX1009-S81",8/16/2022,,"Withdrawal DEBIT CARD/CEFCO #0038 ROCKDALE TX ROCKDALE TX Date 08/15/22 24941662228838007542622 Card 0718Merchant Category Code: 5541",2.56,,Posted,7153.54
"XXXXXX1009-S81",8/16/2022,,"Deposit Reconciled 0000042",,.00,Posted,.00
"XXXXXX1009-S81",8/16/2022,,"Deposit Bulk/Checks 5,668.98 Check Count 4 Deposit Number 0000042",,5668.98,Posted,7156.10
"XXXXXX1009-S81",8/16/2022,2658,"Check 2658 Tracer 826400000129009",2725.00,,Posted,1487.12
"XXXXXX1009-S81",8/16/2022,,"Withdrawal POS #222813173700/POS EXPRESS FOOD MART 4 5401 MANCHACA RD AUSTIN TX Card 2675Merchant Category Code: 5542",56.80,,Posted,4212.12
"XXXXXX1009-S81",8/16/2022,,"Withdrawal ACH FARMERS INS EXCH/TYPE: INSPAYMENT ID: 2432215866 DATA: BILL PAYMENT CO: FARMERS INS EXCH",661.91,,Posted,4268.92
"XXXXXX1009-S81",8/16/2022,,"Withdrawal ACH LendingClub/TYPE: 8885963157 ID: 8510605731 DATA: Y CO: LendingClub",498.15,,Posted,4930.83
"XXXXXX1009-S81",8/16/2022,,"Withdrawal ACH CAPITAL ONE/TYPE: CRCARDPMT ID: 9541719018 CO: CAPITAL ONE",300.00,,Posted,5428.98
"XXXXXX1009-S81",8/16/2022,,"Withdrawal ACH INTUIT 41216235/TYPE: TRAN FEE ID: 9215986202 CO: INTUIT 41216235",155.88,,Posted,5728.98
"XXXXXX1009-S81",8/16/2022,,"Withdrawal ACH ATT/TYPE: Payment ID: 9864031005 CO: ATT NAME: UHCU",124.40,,Posted,5884.86
"XXXXXX1009-S81",8/16/2022,,"Deposit ACH INTUIT 69699295/TYPE: DEPOSIT ID: 9215986202 CO: INTUIT 69699295",,4570.07,Posted,6009.26
"XXXXXX1009-S81",8/16/2022,,"Withdrawal DEBIT CARD/H-E-B #265 CEDAR PARK TX Date 08/15/22 24427332227740274868959 Card 4969Merchant Category Code: 5411",183.52,,Posted,1439.19
"XXXXXX1009-S81",8/16/2022,,"Withdrawal DEBIT CARD/GIG'EM FOOD MART COLLEGE STATI TX Date 08/15/22 24377352228000002658751 Card 0718Merchant Category Code: 5541",67.06,,Posted,1622.71
"XXXXXX1009-S81",8/16/2022,,"Withdrawal DEBIT CARD/APLUS OUTDOOR POWER EQUI LEANDER TX Date 08/15/22 24801972227207966000050 Card 2675Merchant Category Code: 5046",147.12,,Posted,1689.77
"XXXXXX1009-S81",8/16/2022,,"Withdrawal DEBIT CARD/PAYPAL *HITECHPOWER HITEC 402-935-7733 Date 08/15/22 24492152227852187808816 Card 4969Merchant Category Code: 4816",584.37,,Posted,1836.89
"XXXXXX1009-S81",8/16/2022,,"Withdrawal DEBIT CARD/PAYPAL *HITECHPOWER HITEC 402-935-7733 Date 08/15/22 24492152227852187736876 Card 4969Merchant Category Code: 4816",345.31,,Posted,2421.26
"XXXXXX1009-S81",8/15/2022,2651,"Check 2651 Tracer 826300000481578",1000.00,,Posted,2766.57
"XXXXXX1009-S81",8/15/2022,2665,"Check 2665 Tracer 826300000720649",1280.00,,Posted,3766.57
"XXXXXX1009-S81",8/15/2022,2661,"Check 2661 Tracer 826300000463005",2500.00,,Posted,5046.57
"XXXXXX1009-S81",8/15/2022,,"Withdrawal DEBIT CARD/7-ELEVEN 36565 AUSTIN TX Date 08/14/22 24034542227001677111227 Card 0718Merchant Category Code: 5541",20.11,,Posted,7546.57
"XXXXXX1009-S81",8/15/2022,,"Withdrawal POS #222700740851/POS 7-ELEVEN 14016 FM 620 N. US AUSTIN Card 4969 Merchant Category Code: 5541",3.78,,Posted,7566.68
"XXXXXX1009-S81",8/15/2022,,"Recurring Withdrawal DEBIT CARD/DOORDASH DASHPASS WWW.DOORDASH. CA Date 08/15/22 24011342227000009722703 Card 4969Merchant Category Code: 5812",9.99,,Posted,7570.46
"XXXXXX1009-S81",8/15/2022,,"Withdrawal ACH THE GUARDIAN/TYPE: INSUR PREM ID: 9555845001 CO: THE GUARDIAN",849.54,,Posted,7580.45
"XXXXXX1009-S81",8/15/2022,,"Withdrawal ACH DISCOVER/TYPE: E-PAYMENT ID: 3510020270 DATA: DC PYMNTS DCIDPIINT CO: DISCOVER NAME: HERNANDEZ SALVADOR",500.00,,Posted,8429.99
"XXXXXX1009-S81",8/15/2022,,"Withdrawal ACH HUMANA COMPBENEF/TYPE: 7709988936 ID: 2591843760 CO: HUMANA COMPBENEF",50.74,,Posted,8929.99
"XXXXXX1009-S81",8/15/2022,,"Withdrawal DEBIT CARD/TARGET 00023424 CEDAR PARK TX Date 08/14/22 24164072226091008206011 Card 4969Merchant Category Code: 5411",142.69,,Posted,8980.73
"XXXXXX1009-S81",8/15/2022,,"Withdrawal POS #222707422058/POS CEFCO #0038 ROCKDALE TX ROCKDALE TX Card 0718 Merchant Category Code: 5542",93.24,,Posted,9123.42
"XXXXXX1009-S81",8/15/2022,,"Withdrawal DEBIT CARD/OIL CHANGERS CAR WASH 88 AUSTIN TX Date 08/14/22 24801972226726147507544 Card 0718Merchant Category Code: 7542",8.00,,Posted,9216.66
"XXXXXX1009-S81",8/15/2022,,"Withdrawal DEBIT CARD/C STORE MARBLE FALLS TX Date 08/13/22 24427332226120004002016 Card 0718Merchant Category Code: 5541",17.88,,Posted,9224.66
"XXXXXX1009-S81",8/14/2022,,"Withdrawal POS #222640860609/POS NNT LAKE LINE FOOD 831377 1075 N LINE BLVD 1 CEDAR PARK TX Card 0718Merchant Category Code: 5999",11.90,,Posted,9242.54
"XXXXXX1009-S81",8/14/2022,,"Withdrawal DEBIT CARD/RANDALL FUEL2485 AUSTIN TX Date 08/13/22 24231682226837000833359 Card 0718Merchant Category Code: 5542",43.72,,Posted,9254.44
"XXXXXX1009-S81",8/14/2022,,"Withdrawal DEBIT CARD/RANDALLS #2485 AUSTIN TX Date 08/13/22 24231682226837000839497 Card 0718Merchant Category Code: 5411",205.95,,Posted,9298.16
"XXXXXX1009-S81",8/14/2022,,"Withdrawal POS #222600591655/POS 7-ELEVEN 6111 Bee Cave Rd US Austin Card 0718 Merchant Category Code: 5542",50.91,,Posted,9504.11
"XXXXXX1009-S81",8/14/2022,,"Withdrawal DEBIT CARD/Leander ISD 512-5700068 TX Date 08/13/22 24310332226005170739584 Card 4969Merchant Category Code: 8220",70.00,,Posted,9555.02
"XXXXXX1009-S81",8/14/2022,,"Withdrawal DEBIT CARD/COSTCO WHSE #1152 CEDAR PARK TX Date 08/13/22 24943002226898002026541 Card 4969Merchant Category Code: 5300",246.01,,Posted,9625.02
"XXXXXX1009-S81",8/13/2022,,"Withdrawal DEBIT CARD/SQ *OPIE'S BBQ Spicewood TX Date 08/13/22 24692162225100211519697 Card 0718Merchant Category Code: 5812",178.62,,Posted,9871.03
"XXXXXX1009-S81",8/13/2022,,"Withdrawal DEBIT CARD/TACO CABANA 20254 CEDAR PARK TX Date 08/12/22 24231682225091000567713 Card 4969Merchant Category Code: 5814",23.20,,Posted,10049.65
"XXXXXX1009-S81",8/13/2022,2623,"Check 2623 Tracer 826100000338005",1557.67,,Posted,10072.85
"XXXXXX1009-S81",8/13/2022,,"Withdrawal POS #3Q3YQLLU6U76/POS AMAZON.COM*9K0J33GU3 SEATTLE WA Card 0718 Merchant Category Code: 5942",55.56,,Posted,11630.52
"XXXXXX1009-S81",8/13/2022,,"Withdrawal DEBIT CARD/LOTUS HUNAN AUSTIN TX Date 08/12/22 24801972225091154000300 Card 0718Merchant Category Code: 5814",29.76,,Posted,11686.08
"XXXXXX1009-S81",8/13/2022,,"Withdrawal DEBIT CARD/CRICKET WRLS#70145661 CEDAR PARK TX Date 08/12/22 24692162225100680935242 Card 0718Merchant Category Code: 4812",102.00,,Posted,11715.84
"XXXXXX1009-S81",8/13/2022,,"Withdrawal DEBIT CARD/MCW308-WHITESTONE CEDAR PARK TX Date 08/12/22 24071052224939159105299 Card 0718Merchant Category Code: 7542",19.99,,Posted,11817.84
"XXXXXX1009-S81",8/13/2022,,"Withdrawal DEBIT CARD/PAYPAL *HITECHPOWER HITEC 402-935-7733 Date 08/12/22 24492152224852067317998 Card 4969Merchant Category Code: 4816",196.56,,Posted,11837.83
"XXXXXX1009-S81",8/13/2022,,"Withdrawal DEBIT CARD/PAYPAL *HITECHPOWER HITEC 402-935-7733 Date 08/12/22 24492152224852067476844 Card 4969Merchant Category Code: 4816",212.50,,Posted,12034.39
"XXXXXX1009-S81",8/13/2022,,"Withdrawal DEBIT CARD/PAYPAL *HITECHPOWER HITEC 402-935-7733 Date 08/12/22 24492152224852067537041 Card 4969Merchant Category Code: 4816",175.31,,Posted,12246.89
"XXXXXX1009-S81",8/13/2022,,"Withdrawal DEBIT CARD/PAYPAL *HITECHPOWER HITEC 402-935-7733 Date 08/12/22 24492152224852067392595 Card 4969Merchant Category Code: 4816",249.68,,Posted,12422.20
"XXXXXX1009-S81",8/13/2022,,"Withdrawal DEBIT CARD/PAYPAL *HITECHPOWER HITEC 402-935-7733 Date 08/12/22 24492152224852067609071 Card 4969Merchant Category Code: 4816",664.06,,Posted,12671.88
"XXXXXX1009-S81",8/13/2022,,"Uncollected Fee/Due since 08/12/22 - Courtesy Pay-Dbt",34.00,,Posted,13335.94
"XXXXXX1009-S81",8/13/2022,,"Uncollected Fee/Due since 08/11/22 - Courtesy Pay-Ck",34.00,,Posted,13369.94
"XXXXXX1009-S81",8/13/2022,,"Uncollected Fee/Due since 08/10/22 - Courtesy Pay-Dbt",34.00,,Posted,13403.94
"XXXXXX1009-S81",8/13/2022,,"Uncollected Fee/Due since 08/10/22 - Courtesy Pay-Dbt",34.00,,Posted,13437.94
"XXXXXX1009-S81",8/13/2022,,"Uncollected Fee/Due since 08/10/22 - Courtesy Pay-Dbt",34.00,,Posted,13471.94
"XXXXXX1009-S81",8/13/2022,,"Uncollected Fee/Due since 08/10/22 - Courtesy Pay-Dbt",34.00,,Posted,13505.94
"XXXXXX1009-S81",8/13/2022,,"Uncollected Fee/Due since 08/09/22 - UNPAIDNSF",34.00,,Posted,13539.94
"XXXXXX1009-S81",8/13/2022,,"Uncollected Fee/Due since 08/09/22 - Courtesy Pay-Ck",34.00,,Posted,13573.94
"XXXXXX1009-S81",8/13/2022,,"Uncollected Fee/Due since 08/08/22 - UNPAIDNSF",34.00,,Posted,13607.94
"XXXXXX1009-S81",8/13/2022,,"Uncollected Fee/Due since 08/08/22 - Courtesy Pay-ACH",34.00,,Posted,13641.94
"XXXXXX1009-S81",8/13/2022,,"Uncollected Fee/Due since 08/08/22 - Courtesy Pay-ACH",34.00,,Posted,13675.94
"XXXXXX1009-S81",8/13/2022,,"Uncollected Fee/Due since 08/06/22 - Overdrawn Debit",34.00,,Posted,13709.94
"XXXXXX1009-S81",8/13/2022,,"Uncollected Fee/Due since 08/06/22 - Courtesy Pay-Dbt",34.00,,Posted,13743.94
"XXXXXX1009-S81",8/13/2022,,"Uncollected Fee/Due since 08/06/22 - Courtesy Pay-Dbt",34.00,,Posted,13777.94
"XXXXXX1009-S81",8/13/2022,,"Uncollected Fee/Due since 08/05/22 - UNPAIDNSF",34.00,,Posted,13811.94
"XXXXXX1009-S81",8/13/2022,,"Uncollected Fee/Due since 08/05/22 - Courtesy Pay-Dbt",34.00,,Posted,13845.94
"XXXXXX1009-S81",8/13/2022,,"Uncollected Fee/Due since 08/05/22 - Courtesy Pay-Dbt",34.00,,Posted,13879.94
"XXXXXX1009-S81",8/13/2022,,"Uncollected Fee/Due since 08/05/22 - Courtesy Pay-ACH",34.00,,Posted,13913.94
"XXXXXX1009-S81",8/13/2022,,"Uncollected Fee/Due since 08/05/22 - Courtesy Pay-ACH",34.00,,Posted,13947.94
"XXXXXX1009-S81",8/13/2022,,"Uncollected Fee/Due since 08/05/22 - Courtesy Pay-ACH",34.00,,Posted,13981.94
"XXXXXX1009-S81",8/13/2022,,"Uncollected Fee/Due since 08/05/22 - Courtesy Pay-Dbt",34.00,,Posted,14015.94
"XXXXXX1009-S81",8/13/2022,,"Uncollected Fee/Due since 08/05/22 - Courtesy Pay-Dbt",34.00,,Posted,14049.94
"XXXXXX1009-S81",8/13/2022,,"Uncollected Fee/Due since 08/04/22 - Courtesy Pay-Ck",34.00,,Posted,14083.94
"XXXXXX1009-S81",8/13/2022,,"Uncollected Fee/Due since 08/04/22 - Courtesy Pay-Ck",34.00,,Posted,14117.94
"XXXXXX1009-S81",8/12/2022,2650,"Check 2650 Tracer 826000000552546",1010.00,,Posted,14151.94
"XXXXXX1009-S81",8/12/2022,,"Deposit ACH Texas Windstrom/TYPE: PAYABLES ID: 2746189303 DATA: DYNAMICS EFT DEPOSIT CO: Texas Windstrom",,9266.94,Posted,15161.94
"XXXXXX1009-S81",8/12/2022,,"Withdrawal POS #222415737359/POS H-E-B GAS/CARWASH #265 CEDAR PARK TX Card 4969 Merchant Category Code: 5542",60.63,,Posted,5895.00
"XXXXXX1009-S81",8/12/2022,,"Deposit Reconciled 0000063",,.00,Posted,.00
"XXXXXX1009-S81",8/12/2022,,"Deposit Bulk/Checks 1,807.77 Check Count 2 Deposit Number 0000063",,1807.77,Posted,5955.63
"XXXXXX1009-S81",8/12/2022,,"Withdrawal Transfer/To HERNANDEZ,MARTHA 331014 Loan 02",447.78,,Posted,4147.86
"XXXXXX1009-S81",8/12/2022,,"Withdrawal POS #222400150899/POS 7-ELEVEN 5000 W SLAUGHTER L US TX Card 0718Merchant Category Code: 5542",48.93,,Posted,4595.64
"XXXXXX1009-S81",8/12/2022,,"Deposit Reconciled 0000022",,.00,Posted,.00
"XXXXXX1009-S81",8/12/2022,,"Withdrawal Cash",1400.00,,Posted,4644.57
"XXXXXX1009-S81",8/12/2022,,"Deposit Bulk/Checks 7,087.29 Check Count 4 Deposit Number 0000022",,7087.29,Posted,6044.57
"XXXXXX1009-S81",8/12/2022,,"Uncollected Fee of $34.00 is Due",,.00,Posted,.00
"XXXXXX1009-S81",8/12/2022,,"Courtesy Pay-Dbt",,.00,Posted,-1042.72
"XXXXXX1009-S81",8/12/2022,,"Withdrawal POS #222400843937/POS 7-ELEVEN 2820 S Lamar US Austin TX Card 2675 Merchant Category Code: 5542",56.58,,Posted,-1042.72
"XXXXXX1009-S81",8/11/2022,,"Uncollected Fee of $34.00 is Due",,.00,Posted,.00
"XXXXXX1009-S81",8/11/2022,,"Courtesy Pay-Ck",,.00,Posted,-986.14
"XXXXXX1009-S81",8/11/2022,2606,"Check 2606 Tracer 825900000263913",500.00,,Posted,-986.14
"XXXXXX1009-S81",8/11/2022,,"Deposit Reconciled 0000039",,.00,Posted,.00
"XXXXXX1009-S81",8/11/2022,,"Deposit Bulk/Checks 786.98 Check Count 1 Deposit Number 0000039",,786.98,Posted,-486.14
"XXXXXX1009-S81",8/10/2022,,"Uncollected Fee of $34.00 is Due",,.00,Posted,.00
"XXXXXX1009-S81",8/10/2022,,"Courtesy Pay-Dbt",,.00,Posted,-1273.12
"XXXXXX1009-S81",8/10/2022,,"Recurring Withdrawal Bill Payment - #222330012928/BP NNT MSFT *&lt;E0500JV3262453 One Way MSBILL.INFO WA Card 0001Merchant Category Code: 5045",21.88,,Posted,-1273.12
"XXXXXX1009-S81",8/10/2022,,"Uncollected Fee of $34.00 is Due",,.00,Posted,.00
"XXXXXX1009-S81",8/10/2022,,"Courtesy Pay-Dbt",,.00,Posted,-1251.24
"XXXXXX1009-S81",8/10/2022,,"Recurring Withdrawal Bill Payment - #222393512552/BP NNT MSFT *&lt;E0500JV4382029 One Way MSBILL.INFO WA Card 0001Merchant Category Code: 5045",13.54,,Posted,-1251.24
"XXXXXX1009-S81",8/10/2022,,"Uncollected Fee of $34.00 is Due",,.00,Posted,.00
"XXXXXX1009-S81",8/10/2022,,"Courtesy Pay-Dbt",,.00,Posted,-1237.70
"XXXXXX1009-S81",8/10/2022,,"Recurring Withdrawal Bill Payment - #222225700775/BP ADOBE ACROPRO SUBS 408-536-6000 CA Card 0718 Merchant Category Code: 5734",16.23,,Posted,-1237.70
"XXXXXX1009-S81",8/10/2022,,"Uncollected Fee of $34.00 is Due",,.00,Posted,.00
"XXXXXX1009-S81",8/10/2022,,"Courtesy Pay-Dbt",,.00,Posted,-1221.47
"XXXXXX1009-S81",8/10/2022,,"Withdrawal DEBIT CARD/Jack Brown Cleaners 36 Leander TX Date 08/09/22 24193042222002739041421 Card 4969Merchant Category Code: 7216",17.86,,Posted,-1221.47
"XXXXXX1009-S81",8/9/2022,,"Uncollected Fee of $34.00 is Due",,.00,Posted,.00
"XXXXXX1009-S81",8/9/2022,,"UNPAIDNSF 2646/In the amount $825.75.",,.00,Posted,-1203.61
"XXXXXX1009-S81",8/9/2022,,"Uncollected Fee of $34.00 is Due",,.00,Posted,.00
"XXXXXX1009-S81",8/9/2022,,"Courtesy Pay-Ck",,.00,Posted,-1203.61
"XXXXXX1009-S81",8/9/2022,2611,"Check 2611 Tracer 825700000347453",120.00,,Posted,-1203.61
"XXXXXX1009-S81",8/9/2022,,"Deposit Reconciled 0000021",,.00,Posted,.00
"XXXXXX1009-S81",8/9/2022,,"Deposit Bulk/Checks 920.13 Check Count 1 Deposit Number 0000021",,920.13,Posted,-1083.61
"XXXXXX1009-S81",8/8/2022,,"Uncollected Fee of $34.00 is Due",,.00,Posted,.00
"XXXXXX1009-S81",8/8/2022,,"UNPAIDNSF 2650/In the amount $1,010.00.",,.00,Posted,-2003.74
"XXXXXX1009-S81",8/8/2022,,"Uncollected Fee of $34.00 is Due",,.00,Posted,.00
"XXXXXX1009-S81",8/8/2022,,"Courtesy Pay-ACH",,.00,Posted,-2003.74
"XXXXXX1009-S81",8/8/2022,,"Withdrawal ACH CRATE &amp; BARREL/TYPE: PAYMENT ID: 9130142001 CO: CRATE &amp; BARREL NAME: 5243041004094603",350.00,,Posted,-2003.74
"XXXXXX1009-S81",8/8/2022,,"Uncollected Fee of $34.00 is Due",,.00,Posted,.00
"XXXXXX1009-S81",8/8/2022,,"Courtesy Pay-ACH",,.00,Posted,-1653.74
"XXXXXX1009-S81",8/8/2022,,"Withdrawal ACH INTUIT 86785355/TYPE: TRAN FEE ID: 9215986202 CO: INTUIT 86785355",16.15,,Posted,-1653.74
"XXXXXX1009-S81",8/8/2022,,"Deposit ACH INTUIT 15727085/TYPE: DEPOSIT ID: 9215986202 CO: INTUIT 15727085",,467.64,Posted,-1637.59
"XXXXXX1009-S81",8/6/2022,,"Uncollected Fee of $34.00 is Due",,.00,Posted,.00
"XXXXXX1009-S81",8/6/2022,,"Overdrawn Debit",,.00,Posted,-2105.23
"XXXXXX1009-S81",8/6/2022,,"Withdrawal DEBIT CARD/RANDALLS #3145 LEANDER TX Date 08/05/22 24231682218837002034089 Card 4969Merchant Category Code: 5411",89.68,,Posted,-2105.23
"XXXXXX1009-S81",8/6/2022,,"Uncollected Fee of $34.00 is Due",,.00,Posted,.00
"XXXXXX1009-S81",8/6/2022,,"Courtesy Pay-Dbt",,.00,Posted,-2015.55
"XXXXXX1009-S81",8/6/2022,,"Withdrawal POS #221800109409/POS 7-ELEVEN 1870 S. Bagdad Roa US TX Card 4969Merchant Category Code: 5542",68.75,,Posted,-2015.55
"XXXXXX1009-S81",8/6/2022,,"Uncollected Fee of $34.00 is Due",,.00,Posted,.00
"XXXXXX1009-S81",8/6/2022,,"Courtesy Pay-Dbt",,.00,Posted,-1946.80
"XXXXXX1009-S81",8/6/2022,,"Withdrawal DEBIT CARD/PRO SERVE ENTERPRISE AUSTIN TX Date 08/04/22 24251382217030054079060 Card 2675Merchant Category Code: 2842",38.94,,Posted,-1946.80
"XXXXXX1009-S81",8/5/2022,,"Uncollected Fee of $34.00 is Due",,.00,Posted,.00
"XXXXXX1009-S81",8/5/2022,,"UNPAIDNSF 2632/In the amount $1,350.00.",,.00,Posted,-1907.86
"XXXXXX1009-S81",8/5/2022,,"Uncollected Fee of $34.00 is Due",,.00,Posted,.00
"XXXXXX1009-S81",8/5/2022,,"Courtesy Pay-Dbt",,.00,Posted,-1907.86
"XXXXXX1009-S81",8/5/2022,,"Recurring Withdrawal DEBIT CARD/APPLE.COM/BILL 866-712-7753 CA Date 08/05/22 24692162217100337290215 Card 0718Merchant Category Code: 5818",2.99,,Posted,-1907.86
"XXXXXX1009-S81",8/5/2022,,"Uncollected Fee of $34.00 is Due",,.00,Posted,.00
"XXXXXX1009-S81",8/5/2022,,"Courtesy Pay-Dbt",,.00,Posted,-1904.87
"XXXXXX1009-S81",8/5/2022,,"Withdrawal POS #221700773939/POS 7-ELEVEN 11643 Research Blv US TX Card 2675Merchant Category Code: 5542",64.89,,Posted,-1904.87
"XXXXXX1009-S81",8/5/2022,,"Deposit Reconciled 0000025",,.00,Posted,.00
"XXXXXX1009-S81",8/5/2022,,"Deposit Bulk/Checks 378.88 Check Count 1 Deposit Number 0000025",,378.88,Posted,-1839.98
"XXXXXX1009-S81",8/5/2022,,"Uncollected Fee of $34.00 is Due",,.00,Posted,.00
"XXXXXX1009-S81",8/5/2022,,"Courtesy Pay-ACH",,.00,Posted,-2218.86
"XXXXXX1009-S81",8/5/2022,,"Withdrawal ACH FARMERS INS EXCH/TYPE: INSPAYMENT ID: 2432215866 DATA: BILL PAYMENT CO: FARMERS INS EXCH",1005.33,,Posted,-2218.86
"XXXXXX1009-S81",8/5/2022,,"Uncollected Fee of $34.00 is Due",,.00,Posted,.00
"XXXXXX1009-S81",8/5/2022,,"Courtesy Pay-ACH",,.00,Posted,-1213.53
"XXXXXX1009-S81",8/5/2022,,"Withdrawal ACH City of Austin T/TYPE: PAYMENT ID: 5746000085 CO: City of Austin T NAME: GONZALEZ VARGAS, MICHE",309.56,,Posted,-1213.53
"XXXXXX1009-S81",8/5/2022,,"Uncollected Fee of $34.00 is Due",,.00,Posted,.00
"XXXXXX1009-S81",8/5/2022,,"Courtesy Pay-ACH",,.00,Posted,-903.97
"XXXXXX1009-S81",8/5/2022,,"Withdrawal ACH *LINCOLN NATLIFE/TYPE: PREMPAYMNT ID: 3504728231 DATA: 0018400TER CO: *LINCOLN NATLIFE",105.20,,Posted,-903.97
"XXXXXX1009-S81",8/5/2022,,"Uncollected Fee of $34.00 is Due",,.00,Posted,.00
"XXXXXX1009-S81",8/5/2022,,"Courtesy Pay-Dbt",,.00,Posted,-798.77
"XXXXXX1009-S81",8/5/2022,,"Withdrawal DEBIT CARD/THE UPS STORE 7340 201-3601218 TX Date 08/04/22 24000972216599200207299 Card 4969Merchant Category Code: 7399",20.85,,Posted,-798.77
"XXXXXX1009-S81",8/5/2022,,"Uncollected Fee of $34.00 is Due",,.00,Posted,.00
"XXXXXX1009-S81",8/5/2022,,"Courtesy Pay-Dbt",,.00,Posted,-777.92
"XXXXXX1009-S81",8/5/2022,,"Withdrawal Bill Payment #221629017023/BP KIM PAPER 512-973-0808 TX Card 0718 Merchant Category Code: 7349",1731.46,,Posted,-777.92
"XXXXXX1009-S81",8/4/2022,,"Uncollected Fee of $34.00 is Due",,.00,Posted,.00
"XXXXXX1009-S81",8/4/2022,,"Courtesy Pay-Ck",,.00,Posted,953.54
"XXXXXX1009-S81",8/4/2022,2649,"Check 2649 Tracer 825200000288534",150.00,,Posted,953.54
"XXXXXX1009-S81",8/4/2022,,"Uncollected Fee of $34.00 is Due",,.00,Posted,.00
"XXXXXX1009-S81",8/4/2022,,"Courtesy Pay-Ck",,.00,Posted,1103.54
"XXXXXX1009-S81",8/4/2022,2637,"Check 2637 Tracer 825200000288016",910.00,,Posted,1103.54
"XXXXXX1009-S81",8/4/2022,,"Withdrawal DEBIT CARD/THE HOME DEPOT 6585 CEDAR PARK TX Date 08/03/22 24692162216100476920136 Card 0718Merchant Category Code: 5200",271.53,,Posted,2013.54
"XXXXXX1009-S81",8/4/2022,2634,"Check 2634 Tracer 825200000329653",1550.00,,Posted,2285.07
"XXXXXX1009-S81",8/4/2022,,"Deposit Reconciled 0000041",,.00,Posted,.00
"XXXXXX1009-S81",8/4/2022,,"Deposit Bulk/Checks 1,497.10 Check Count 1 Deposit Number 0000041",,1497.10,Posted,3835.07
"XXXXXX1009-S81",8/4/2022,,"Withdrawal POS #221613143296/POS CHEVRON/PRIMESPOT #23 AUSTIN TX Card 4969 Merchant Category Code: 5541",11.15,,Posted,2337.97
"XXXXXX1009-S81",8/4/2022,,"Withdrawal DEBIT CARD/BATTERIES PLUS #479 AUSTIN XX Date 08/03/22 24943002216286672400109 Card 0718Merchant Category Code: 5999",19.49,,Posted,2349.12
"XXXXXX1009-S81",8/4/2022,,"Withdrawal DEBIT CARD/H-E-B #659 AUSTIN TX Date 08/03/22 24427332215740280811195 Card 4969Merchant Category Code: 5411",7.76,,Posted,2368.61
"XXXXXX1009-S81",8/4/2022,,"Withdrawal DEBIT CARD/MCW308-WHITESTONE CEDAR PARK TX Date 08/03/22 24071052215939121528439 Card 0718Merchant Category Code: 7542",12.00,,Posted,2376.37
"XXXXXX1009-S81",8/4/2022,,"Withdrawal Bill Payment #221521017022/BP KIM PAPER 512-973-0808 TX Card 0718 Merchant Category Code: 7349",1731.45,,Posted,2388.37
"XXXXXX1009-S81",8/3/2022,,"Withdrawal DEBIT CARD/TIRES.COM-ONLINE-ORDER 888-774-6560 AZ Date 08/02/22 24445002215200103045569 Card 2675Merchant Category Code: 5532",563.28,,Posted,4119.82
"XXXXXX1009-S81",8/3/2022,2639,"Check 2639 Tracer 825100000265525",1400.00,,Posted,4683.10
"XXXXXX1009-S81",8/3/2022,,"Withdrawal at ATM #221523850684/ATM M186146 6400 MANCHACA ROAD AUSTIN TX Card 2675 Merchant Category Code: 6011",100.00,,Posted,6083.10
"XXXXXX1009-S81",8/3/2022,,"Withdrawal Cash",500.00,,Posted,6183.10
"XXXXXX1009-S81",8/3/2022,,"Withdrawal DEBIT CARD/RANDALLS #3145 LEANDER TX Date 08/02/22 24231682215837000736126 Card 4969Merchant Category Code: 5411",47.08,,Posted,6683.10
"XXXXXX1009-S81",8/3/2022,,"Withdrawal POS #221500765026/POS 7-ELEVEN 1870 S. Bagdad Roa US TX Card 2675Merchant Category Code: 5542",57.78,,Posted,6730.18
"XXXXXX1009-S81",8/3/2022,,"Withdrawal POS #111MF9SQIGTJ/POS AMAZON.COM*0P5MX8YB3 SEATTLE WA Card 0718 Merchant Category Code: 4816",75.76,,Posted,6787.96
"XXXXXX1009-S81",8/3/2022,,"Deposit Reconciled 0000070",,.00,Posted,.00
"XXXXXX1009-S81",8/3/2022,,"Deposit Bulk/Checks 198.21 Check Count 1 Deposit Number 0000070",,198.21,Posted,6863.72
"XXXXXX1009-S81",8/3/2022,,"Withdrawal ACH BKAMERICA/TYPE: IC PAYMENT ID: 1409936115 CO: BKAMERICA",877.05,,Posted,6665.51
"XXXXXX1009-S81",8/3/2022,,"Withdrawal ACH CAPITAL ONE/TYPE: CRCARDPMT ID: 9541719018 CO: CAPITAL ONE",127.45,,Posted,7542.56
"XXXXXX1009-S81",8/3/2022,,"Withdrawal Bill Payment #221526162150/BP TDS LANDFILL 800-3758375 TX Card 2675 Merchant Category Code: 4900",90.00,,Posted,7670.01
"XXXXXX1009-S81",8/3/2022,,"Withdrawal DEBIT CARD/TXDPS CRIME RECS EGOV.COM TX Date 08/02/22 24733092215091276003028 Card 0718Merchant Category Code: 9399",3.32,,Posted,7760.01
"XXXXXX1009-S81",8/3/2022,,"Withdrawal POS #221516014075/POS NNT LAKE AUSTIN EXX002497 2402 LAKE AUSTIN BOULEV AUSTIN TX Card 0718Merchant Category Code: 5499",7.39,,Posted,7763.33
"XXXXXX1009-S81",8/3/2022,,"Withdrawal DEBIT CARD/THE HOME DEPOT #6531 BEE CAVES TX Date 08/01/22 24943012214010179068198 Card 0718Merchant Category Code: 5200",14.32,,Posted,7770.72
"XXXXXX1009-S81",8/2/2022,2647,"Check 2647 Tracer 825000000415250",300.00,,Posted,7785.04
"XXXXXX1009-S81",8/2/2022,2635,"Check 2635 Tracer 825000000418626",2490.00,,Posted,8085.04
"XXXXXX1009-S81",8/2/2022,2631,"Check 2631 Tracer 825000000414597",1000.00,,Posted,10575.04
"XXXXXX1009-S81",8/2/2022,,"Withdrawal DEBIT CARD/EL POLLO RICO 9 CEDAR PARK TX Date 08/02/22 24013392214000153185135 Card 4969Merchant Category Code: 5812",12.00,,Posted,11575.04
"XXXXXX1009-S81",8/2/2022,2636,"Check 2636 Tracer 825000000865507",2520.00,,Posted,11587.04
"XXXXXX1009-S81",8/2/2022,,"Withdrawal DEBIT CARD/JIMMY JOHNS # 832 - E 512-327-6500 TX Date 08/01/22 24269792214500531498169 Card 0001Merchant Category Code: 5814",65.26,,Posted,14107.04
"XXXXXX1009-S81",8/2/2022,,"Withdrawal DEBIT CARD/EXXONMOBIL 48365084 AUSTIN TX Date 08/01/22 24164052214378008547320 Card 0718Merchant Category Code: 5542",130.61,,Posted,14172.30
"XXXXXX1009-S81",8/2/2022,,"Withdrawal DEBIT CARD/BATTERIES PLUS #479 AUSTIN XX Date 08/01/22 24943002214286672200063 Card 0718Merchant Category Code: 5999",28.12,,Posted,14302.91
"XXXXXX1009-S81",8/2/2022,,"Withdrawal POS #221464420201/POS NST THE HOME DEPOT 001587 11301 LAKELINE RD AUSTIN TX Card 0718Merchant Category Code: 5200",55.11,,Posted,14331.03
"XXXXXX1009-S81",8/2/2022,,"Deposit Reconciled 0000048",,.00,Posted,.00
"XXXXXX1009-S81",8/2/2022,,"Deposit Bulk/Checks 600.00 Check Count 1 Deposit Number 0000048",,600.00,Posted,14386.14
"XXXXXX1009-S81",8/2/2022,,"Withdrawal ACH GUSTO/TYPE: FEE 986519 ID: 2453942850 DATA: 6semjmj5uqn CO: GUSTO",92.75,,Posted,13786.14
"XXXXXX1009-S81",8/2/2022,,"Withdrawal ACH INTUIT 56474465/TYPE: TRAN FEE ID: 9215986202 CO: INTUIT 56474465",47.59,,Posted,13878.89
"XXXXXX1009-S81",8/2/2022,,"Deposit ACH INTUIT 85635715/TYPE: DEPOSIT ID: 9215986202 CO: INTUIT 85635715",,1623.75,Posted,13926.48
"XXXXXX1009-S81",8/2/2022,,"Deposit ACH Ternion Growth P/TYPE: SIGONFILE ID: 9000830338 DATA: 805-680-2004 CO: Ternion Growth P",,545.58,Posted,12302.73
"XXXXXX1009-S81",8/2/2022,,"Deposit ACH Ternion Growth P/TYPE: SIGONFILE ID: 9000830338 DATA: 805-680-2004 CO: Ternion Growth P",,545.58,Posted,11757.15
"XXXXXX1009-S81",8/2/2022,,"Deposit ACH BCBS HEALTH HPS/TYPE: 8007928595 ID: 1361236610 CO: BCBS HEALTH HPS",,498.66,Posted,11211.57
"XXXXXX1009-S81",8/2/2022,,"Withdrawal POS #221408932425/POS RANDALLS #3145 LEANDER TX Card 4969 Merchant Category Code: 5411",44.64,,Posted,10712.91
"XXXXXX1009-S81",8/2/2022,,"Recurring Withdrawal Bill Payment - #221323100105/BP HP *INSTANT INK 855-785-2777 CA Card 0001 Merchant Category Code: 5111",12.98,,Posted,10757.55
"XXXXXX1009-S81",8/2/2022,,"Withdrawal DEBIT CARD/LOC CITIZENS*314464820 401-2825259 CT Date 08/01/22 24638572213016032195346 Card 4969Merchant Category Code: 6012",63.76,,Posted,10770.53
"XXXXXX1009-S81",8/1/2022,2622,"Check 2622 Tracer 824900000372284",277.05,,Posted,10834.29
"XXXXXX1009-S81",8/1/2022,,"Withdrawal Bill Payment #221319645435/BP APPLE COM BILL CUPERTINO CA Card 0718 Merchant Category Code: 4899",14.06,,Posted,11111.34
"XXXXXX1009-S81",8/1/2022,,"Withdrawal POS #221319392625/POS RANDALLS #2475 AUSTIN TX Card 2675 Merchant Category Code: 5411",13.93,,Posted,11125.40
"XXXXXX1009-S81",8/1/2022,2633,"Check 2633 Tracer 824900000735030",1408.00,,Posted,11139.33
"XXXXXX1009-S81",8/1/2022,2644,"Check 2644 Tracer 824900000724030",1377.88,,Posted,12547.33
"XXXXXX1009-S81",8/1/2022,,"Withdrawal POS #221320802873/POS OFFICE MAX/OFFI 1105 C BA CEDAR PARK TX Card 2675Merchant Category Code: 5943",18.62,,Posted,13925.21
"XXXXXX1009-S81",8/1/2022,2638,"Check 2638 Tracer 824900000308001",2625.00,,Posted,13943.83
"XXXXXX1009-S81",8/1/2022,,"Withdrawal POS #221389253501/POS NST THE HOME DEPOT 001825 3600 INTERSTATE HWY 35 AUSTIN TX Card 2675Merchant Category Code: 5200",22.58,,Posted,16568.83
"XXXXXX1009-S81",8/1/2022,,"Deposit Reconciled 0000008",,.00,Posted,.00
"XXXXXX1009-S81",8/1/2022,,"Withdrawal Cash",500.00,,Posted,16591.41
"XXXXXX1009-S81",8/1/2022,,"Withdrawal by Check/Check 05 502634 Disbursed 7,000.00",7003.00,,Posted,17091.41
"XXXXXX1009-S81",8/1/2022,,"Deposit Bulk/Checks 2,906.51 Check Count 2 Deposit Number 0000008",,2906.51,Posted,24094.41
"XXXXXX1009-S81",8/1/2022,,"Withdrawal ACH CITI CARD ONLINE/TYPE: PAYMENT ID: CITICTP CO: CITI CARD ONLINE NAME: MARTHA G HERNANDEZ",1356.71,,Posted,21187.90
"XXXXXX1009-S81",8/1/2022,,"Withdrawal ACH Financial Pacifi/TYPE: LEASE PYMT ID: 9118771358 CO: Financial Pacifi",524.83,,Posted,22544.61
"XXXXXX1009-S81",8/1/2022,,"Deposit ACH Texas Windstrom/TYPE: PAYABLES ID: 2746189303 DATA: DYNAMICS EFT DEPOSIT CO: Texas Windstrom",,18387.50,Posted,23069.44
"XXXXXX1009-S81",8/1/2022,,"Withdrawal POS #221356609800/POS 7-ELEVEN 34251 9200 BURNET ROAD TX Card 2675Merchant Category Code: 5542",55.19,,Posted,4681.94
"XXXXXX1009-S81",8/1/2022,,"Withdrawal POS #221300511482/POS 7-ELEVEN 11643 Research Blv US TX Card 2675Merchant Category Code: 5542",49.15,,Posted,4737.13
"XXXXXX1009-S81",7/31/2022,,"Withdrawal TRANSACTION FEES",32.25,,Posted,4786.28
"XXXXXX1009-S81",7/31/2022,,"Withdrawal LOW BALANCE FEE",6.00,,Posted,4818.53
"XXXXXX1009-S81",7/31/2022,,"Withdrawal DEBIT CARD/EXXONMOBIL 48349336 CEDAR PARK TX Date 07/30/22 24164052212378008997543 Card 0001Merchant Category Code: 5542",64.39,,Posted,4824.53
"XXXXXX1009-S81",7/31/2022,,"Withdrawal DEBIT CARD/EXXONMOBIL 47949391 CEDAR PARK TX Date 07/30/22 24164052212378005262115 Card 0718Merchant Category Code: 5542",83.24,,Posted,4888.92
"XXXXXX1009-S81",7/31/2022,,"Withdrawal DEBIT CARD/LAKE LINE FOOD STOP CEDAR PARK TX Date 07/30/22 24040482212091799000133 Card 0718Merchant Category Code: 5999",54.73,,Posted,4972.16
"XXXXXX1009-S81",7/31/2022,,"Withdrawal DEBIT CARD/MCW308-WHITESTONE CEDAR PARK TX Date 07/30/22 24071052211939157629428 Card 0718Merchant Category Code: 7542",17.00,,Posted,5026.89
"XXXXXX1009-S81",7/30/2022,,"Withdrawal POS #221115338686/POS QT 4143 CEDAR PARK TX Card 4969 Merchant Category Code: 5542",70.56,,Posted,5043.89
"XXXXXX1009-S81",7/30/2022,,"Withdrawal POS #221115387153/POS QT 4143 CEDAR PARK TX Card 4969 Merchant Category Code: 5541",15.14,,Posted,5114.45
"XXXXXX1009-S81",7/30/2022,2602,"Check 2602 Tracer 824700000245001",1557.67,,Posted,5129.59
"XXXXXX1009-S81",7/30/2022,2643,"Check 2643 Tracer 824700000040001",2411.83,,Posted,6687.26
"XXXXXX1009-S81",7/30/2022,,"Withdrawal DEBIT CARD/H-E-B #265 CEDAR PARK TX Date 07/29/22 24427332210740287912587 Card 4969Merchant Category Code: 5411",119.68,,Posted,9099.09
"XXXXXX1009-S81",7/30/2022,,"Withdrawal DEBIT CARD/H20 HAND CAR WASH CEDAR P CEDAR PARK TX Date 07/29/22 24755422210642106430828 Card 4969Merchant Category Code: 7542",70.00,,Posted,9218.77
"XXXXXX1009-S81",7/30/2022,,"Withdrawal DEBIT CARD/MCW308-WHITESTONE CEDAR PARK TX Date 07/29/22 24071052210939141752667 Card 0718Merchant Category Code: 7542",12.00,,Posted,9288.77
"XXXXXX1009-S81",7/30/2022,,"Withdrawal DEBIT CARD/IN *KRISTY R. CORTEZ, PC 512-8352635 TX Date 07/29/22 24692162210100636322914 Card 0001Merchant Category Code: 8931",750.00,,Posted,9300.77
"XXXXXX1009-S81",7/29/2022,2642,"Check 2642 Tracer 824600000454286",671.59,,Posted,10050.77
"XXXXXX1009-S81",7/29/2022,,"Deposit Reconciled 0000052",,.00,Posted,.00
"XXXXXX1009-S81",7/29/2022,,"Deposit Bulk/Checks 6,000.00 Check Count 1 Deposit Number 0000052",,6000.00,Posted,10722.36
"XXXXXX1009-S81",7/29/2022,,"Withdrawal Cash",1600.00,,Posted,4722.36
"XXXXXX1009-S81",7/29/2022,,"Withdrawal ACH GUSTO/TYPE: TAX 912190 ID: 9138864001 DATA: 3qhk CO: GUSTO",1629.33,,Posted,6322.36
"XXXXXX1009-S81",7/29/2022,,"Withdrawal DEBIT CARD/VIVINT INC/US PROVO UT Date 07/29/22 24430992210083310520002 Card 0718Merchant Category Code: 7393",1110.09,,Posted,7951.69
"XXXXXX1009-S81",7/29/2022,,"Withdrawal DEBIT CARD/BATTERIES PLUS #479 AUSTIN XX Date 07/28/22 24943002210286672800023 Card 0718Merchant Category Code: 5999",207.02,,Posted,9061.78
"XXXXXX1009-S81",7/29/2022,,"Withdrawal DEBIT CARD/AUSTIN TIRE MAN AUSTIN TX Date 07/28/22 24275392209900017200204 Card 0718Merchant Category Code: 7534",150.00,,Posted,9268.80
"XXXXXX1009-S81",7/29/2022,,"Withdrawal DEBIT CARD/PRO SERVE ENTERPRISE AUSTIN TX Date 07/27/22 24251382209030050888902 Card 2675Merchant Category Code: 2842",51.38,,Posted,9418.80
"XXXXXX1009-S81",7/28/2022,2609,"Check 2609 Tracer 824500000238773",120.00,,Posted,9470.18
"XXXXXX1009-S81",7/28/2022,,"Withdrawal POS #220900818862/POS 7-ELEVEN 6111 Bee Cave Rd US Austin Card 4969 Merchant Category Code: 5542",63.11,,Posted,9590.18
"XXXXXX1009-S81",7/28/2022,,"Withdrawal POS #220900792971/POS 7-ELEVEN 6111 Bee Cave Rd US Austin Card 0718 Merchant Category Code: 5542",42.71,,Posted,9653.29
"XXXXXX1009-S81",7/28/2022,,"Withdrawal POS #220915258368/POS OFFICE DEPOT 00 5300 MOPA AUSTIN TX Card 2675 Merchant Category Code: 5943",18.62,,Posted,9696.00
"XXXXXX1009-S81",7/28/2022,,"Withdrawal DEBIT CARD/S AND S COMPUTER SOLUTION CEDAR PARK TX Date 07/27/22 24247602209500687173348 Card 0718Merchant Category Code: 7399",305.27,,Posted,9714.62
"XXXXXX1009-S81",7/28/2022,,"Withdrawal ACH Texas Mutual/TYPE: Payment ID: 9055172001 CO: Texas Mutual",990.60,,Posted,10019.89
"XXXXXX1009-S81",7/28/2022,,"Withdrawal Bill Payment #220927100199/BP CULLIGAN/ULTRAPURE WAT 507-200-0820 Card 0718 Merchant Category Code: 4900",152.69,,Posted,11010.49
"XXXXXX1009-S81",7/28/2022,,"Withdrawal Bill Payment #220923026776/BP FORTIVA 855-802-5572 GA Card 4969 Merchant Category Code: 6051",43.85,,Posted,11163.18
"XXXXXX1009-S81",7/27/2022,2630,"Check 2630 Tracer 824400000284135",115.00,,Posted,11207.03
"XXXXXX1009-S81",7/27/2022,,"Withdrawal POS #220817259966/POS H-E-B #029 W LAKE HILLS TX Card 0718 Merchant Category Code: 5411",38.39,,Posted,11322.03
"XXXXXX1009-S81",7/27/2022,,"Withdrawal POS #220816467858/POS CIRCLE K #2741560 LEANDER TX Card 2675 Merchant Category Code: 5542",64.52,,Posted,11360.42
"XXXXXX1009-S81",7/27/2022,,"Withdrawal POS #220811643576/POS CIRCLE K #2741319 AUSTIN TX Card 2675 Merchant Category Code: 5542",50.19,,Posted,11424.94
"XXXXXX1009-S81",7/27/2022,,"Withdrawal at ATM #220813290481/ATM M212113 1801 EAST WHITESTONE BL PARK TX Card 0718Merchant Category Code: 6011",40.00,,Posted,11475.13
"XXXXXX1009-S81",7/27/2022,,"Withdrawal ACH ALLY/TYPE: ALLY PAYMT ID: 9833122002 CO: ALLY",509.98,,Posted,11515.13
"XXXXXX1009-S81",7/27/2022,,"Withdrawal ACH ATT/TYPE: Payment ID: 9864031005 CO: ATT NAME: UHCU",98.26,,Posted,12025.11
"XXXXXX1009-S81",7/27/2022,,"Withdrawal DEBIT CARD/H-E-B #265 CEDAR PARK TX Date 07/26/22 24427332207740275696106 Card 4969Merchant Category Code: 5411",95.00,,Posted,12123.37
"XXXXXX1009-S81",7/26/2022,2629,"Check 2629 Tracer 824300000442864",1800.00,,Posted,12218.37
"XXXXXX1009-S81",7/26/2022,,"Withdrawal DEBIT CARD/TENNANT COMPANY 800-5538033 MN Date 07/26/22 24717052207262070059474 Card 4969Merchant Category Code: 5046",112.09,,Posted,14018.37
"XXXXXX1009-S81",7/26/2022,,"Withdrawal POS #220719201783/POS OFFICE MAX/OFFI 1105 C BA CEDAR PARK TX Card 2675Merchant Category Code: 5943",9.31,,Posted,14130.46
"XXXXXX1009-S81",7/26/2022,,"Withdrawal DEBIT CARD/ALAMO SPECIALTY PHARMACY 210-8686140 TX Date 07/25/22 24325452207900015118907 Card 4969Merchant Category Code: 5912",55.00,,Posted,14139.77
"XXXXXX1009-S81",7/26/2022,,"Withdrawal POS #220700959909/POS 7-ELEVEN 6111 Bee Cave Rd US Austin Card 2675 Merchant Category Code: 5542",119.91,,Posted,14194.77
"XXXXXX1009-S81",7/26/2022,,"Withdrawal at ATM #220715684124/ATM M186146 6400 MANCHACA ROAD AUSTIN TX Card 2675 Merchant Category Code: 6011",120.00,,Posted,14314.68
"XXXXXX1009-S81",7/26/2022,,"Withdrawal DEBIT CARD/VIVINT INC/US 800-216-5232 UT Date 07/26/22 24430992207083349223730 Card 4969Merchant Category Code: 7393",61.13,,Posted,14434.68
"XXXXXX1009-S81",7/26/2022,,"Withdrawal DEBIT CARD/H-E-B #265 CEDAR PARK TX Date 07/25/22 24427332206740274570485 Card 4969Merchant Category Code: 5411",49.68,,Posted,14495.81
"XXXXXX1009-S81",7/26/2022,,"Withdrawal DEBIT CARD/IN *KRISTY R. CORTEZ, PC 512-8352635 TX Date 07/25/22 24692162206100253769682 Card 0001Merchant Category Code: 8931",2625.00,,Posted,14545.49
"XXXXXX1009-S81",7/25/2022,,"Withdrawal POS #220612728432/POS 7-ELEVEN AUSTIN TX Card 2675 Merchant Category Code: 5541",50.00,,Posted,17170.49
"XXXXXX1009-S81",7/24/2022,,"Withdrawal DEBIT CARD/SQ *SANA VIDA WELLNESS CE gosq.com TX Date 07/24/22 24692162205100219506039 Card 4969Merchant Category Code: 8011",149.00,,Posted,17220.49
"XXXXXX1009-S81",7/23/2022,,"Withdrawal DEBIT CARD/EXXONMOBIL 47950688 AUSTIN TX Date 07/22/22 24164052204378006367855 Card 2675Merchant Category Code: 5542",44.04,,Posted,17369.49
"XXXXXX1009-S81",7/23/2022,,"Withdrawal DEBIT CARD/VIVINT INC/US 800-216-5232 UT Date 07/23/22 24430992204083725071847 Card 4969Merchant Category Code: 7393",39.48,,Posted,17413.53
"XXXXXX1009-S81",7/23/2022,,"Withdrawal POS #220321234095/POS QT 4143 CEDAR PARK TX Card 4969 Merchant Category Code: 5542",54.47,,Posted,17453.01
"XXXXXX1009-S81",7/23/2022,,"Uncollected Fee/Due since 07/22/22 - Courtesy Pay-Dbt",34.00,,Posted,17507.48
"XXXXXX1009-S81",7/23/2022,,"Uncollected Fee/Due since 07/22/22 - Courtesy Pay-Dbt",34.00,,Posted,17541.48
"XXXXXX1009-S81",7/23/2022,,"Uncollected Fee/Due since 07/22/22 - Courtesy Pay-Dbt",34.00,,Posted,17575.48
"XXXXXX1009-S81",7/23/2022,,"Uncollected Fee/Due since 07/22/22 - Courtesy Pay-Dbt",34.00,,Posted,17609.48
"XXXXXX1009-S81",7/23/2022,,"Uncollected Fee/Due since 07/21/22 - Courtesy Pay-Dbt",34.00,,Posted,17643.48
"XXXXXX1009-S81",7/23/2022,,"Uncollected Fee/Due since 07/21/22 - Courtesy Pay-Dbt",34.00,,Posted,17677.48
"XXXXXX1009-S81",7/23/2022,,"Uncollected Fee/Due since 07/20/22 - Courtesy Pay-Ck",34.00,,Posted,17711.48
"XXXXXX1009-S81",7/23/2022,,"Uncollected Fee/Due since 07/20/22 - Courtesy Pay-Ck",34.00,,Posted,17745.48
"XXXXXX1009-S81",7/23/2022,,"Uncollected Fee/Due since 07/20/22 - Courtesy Pay-Ck",34.00,,Posted,17779.48
"XXXXXX1009-S81",7/22/2022,,"Deposit Reconciled 0000090",,.00,Posted,.00
"XXXXXX1009-S81",7/22/2022,,"Deposit Bulk/Checks 15,985.41 Check Count 1 Deposit Number 0000090",,15985.41,Posted,17813.48
"XXXXXX1009-S81",7/22/2022,,"Deposit ACH PEAK6 GROUP/TYPE: PAYMENT ID: 1364166492 CO: PEAK6 GROUP",,70.36,Posted,1828.07
"XXXXXX1009-S81",7/22/2022,,"Withdrawal ACH DISCOVER BANK/TYPE: PREARRANGE ID: 6510020271 DATA: DC FINOUT DPLSVCPAY CO: DISCOVER BANK",656.20,,Posted,1757.71
"XXXXXX1009-S81",7/22/2022,,"Deposit ACH JPMorgan Chase/TYPE: Ext Trnsfr ID: 9200502231 CO: JPMorgan Chase",,3000.00,Posted,2413.91
"XXXXXX1009-S81",7/22/2022,,"Uncollected Fee of $34.00 is Due",,.00,Posted,.00
"XXXXXX1009-S81",7/22/2022,,"Courtesy Pay-Dbt",,.00,Posted,-586.09
"XXXXXX1009-S81",7/22/2022,,"Withdrawal POS #000000E0CI3A/POS AMAZON.COM*PN20S0XE3 SEATTLE WA Card 4969 Merchant Category Code: 4816",132.40,,Posted,-586.09
"XXXXXX1009-S81",7/22/2022,,"Uncollected Fee of $34.00 is Due",,.00,Posted,.00
"XXXXXX1009-S81",7/22/2022,,"Courtesy Pay-Dbt",,.00,Posted,-453.69
"XXXXXX1009-S81",7/22/2022,,"Withdrawal DEBIT CARD/THE CROMEENS LAW FIRM HOUSTON TX Date 07/21/22 24559302202900016185706 Card 2272Merchant Category Code: 8111",707.50,,Posted,-453.69
"XXXXXX1009-S81",7/22/2022,,"Uncollected Fee of $34.00 is Due",,.00,Posted,.00
"XXXXXX1009-S81",7/22/2022,,"Courtesy Pay-Dbt",,.00,Posted,253.81
"XXXXXX1009-S81",7/22/2022,,"Withdrawal DEBIT CARD/H20 HAND CAR WASH CEDAR P CEDAR PARK TX Date 07/17/22 24755422202642026391381 Card 2272Merchant Category Code: 7542",73.80,,Posted,253.81
"XXXXXX1009-S81",7/22/2022,,"Uncollected Fee of $34.00 is Due",,.00,Posted,.00
"XXXXXX1009-S81",7/22/2022,,"Courtesy Pay-Dbt",,.00,Posted,327.61
"XXXXXX1009-S81",7/22/2022,,"Withdrawal POS #220200051281/POS 7-ELEVEN 1870 S. Bagdad Roa US TX Card 2675Merchant Category Code: 5542",62.10,,Posted,327.61
"XXXXXX1009-S81",7/21/2022,,"Uncollected Fee of $34.00 is Due",,.00,Posted,.00
"XXXXXX1009-S81",7/21/2022,,"Courtesy Pay-Dbt",,.00,Posted,389.71
"XXXXXX1009-S81",7/21/2022,,"Withdrawal POS #000000E0CI3D/POS AMAZON.COM*C880185S3 SEATTLE WA Card 4969 Merchant Category Code: 4816",135.94,,Posted,389.71
"XXXXXX1009-S81",7/21/2022,,"Withdrawal DEBIT CARD/MED*US DERM PARTNERS DALLAS TX Date 07/20/22 24692162202100241386676 Card 0718Merchant Category Code: 8011",148.00,,Posted,525.65
"XXXXXX1009-S81",7/21/2022,,"Withdrawal ACH INTUIT 83979065/TYPE: TRAN FEE ID: 9215986202 CO: INTUIT 83979065",37.92,,Posted,673.65
"XXXXXX1009-S81",7/21/2022,,"Deposit ACH INTUIT 15164325/TYPE: DEPOSIT ID: 9215986202 CO: INTUIT 15164325",,1299.00,Posted,711.57
"XXXXXX1009-S81",7/21/2022,,"Uncollected Fee of $34.00 is Due",,.00,Posted,.00
"XXXXXX1009-S81",7/21/2022,,"Courtesy Pay-Dbt",,.00,Posted,-587.43
"XXXXXX1009-S81",7/21/2022,,"Withdrawal DEBIT CARD/LOC CITIZENS*PMT1OF0 401-2825259 CT Date 07/19/22 24638572201016023299911 Card 0001Merchant Category Code: 6012",266.68,,Posted,-587.43
"XXXXXX1009-S81",7/20/2022,,"Uncollected Fee of $34.00 is Due",,.00,Posted,.00
"XXXXXX1009-S81",7/20/2022,,"Courtesy Pay-Ck",,.00,Posted,-320.75
"XXXXXX1009-S81",7/20/2022,2628,"Check 2628 Tracer 823700000334395",250.00,,Posted,-320.75
"XXXXXX1009-S81",7/20/2022,,"Uncollected Fee of $34.00 is Due",,.00,Posted,.00
"XXXXXX1009-S81",7/20/2022,,"Courtesy Pay-Ck",,.00,Posted,-70.75
"XXXXXX1009-S81",7/20/2022,2616,"Check 2616 Tracer 823700000334394",250.00,,Posted,-70.75
"XXXXXX1009-S81",7/20/2022,,"Uncollected Fee of $34.00 is Due",,.00,Posted,.00
"XXXXXX1009-S81",7/20/2022,,"Courtesy Pay-Ck",,.00,Posted,179.25
"XXXXXX1009-S81",7/20/2022,2599,"Check 2599 Tracer 823700000335128",2400.00,,Posted,179.25
"XXXXXX1009-S81",7/20/2022,,"Deposit Transfer From Loan 00",,102.29,Posted,2579.25
"XXXXXX1009-S81",7/20/2022,,"Withdrawal Cash",3000.00,,Posted,2476.96
"XXXXXX1009-S81",7/20/2022,,"Withdrawal DEBIT CARD/ABC HOME AND COMMERCIAL S AUSTIN TX Date 07/19/22 24269792201500538240791 Card 0718Merchant Category Code: 7342",136.35,,Posted,5476.96
"XXXXXX1009-S81",7/20/2022,,"Withdrawal DEBIT CARD/EXXONMOBIL 47947981 AUSTIN TX Date 07/19/22 24164052201378005182019 Card 2675Merchant Category Code: 5542",45.66,,Posted,5613.31
"XXXXXX1009-S81",7/20/2022,,"Withdrawal ACH HEALTH CARE SERV/TYPE: OBPPAYMT ID: 3000027465 CO: HEALTH CARE SERV",7127.68,,Posted,5658.97
"XXXXXX1009-S81",7/20/2022,,"Withdrawal ACH *LINCOLN NATLIFE/TYPE: PREMPAYMNT ID: 3504728231 DATA: 0018400TER CO: *LINCOLN NATLIFE",316.91,,Posted,12786.65
"XXXXXX1009-S81",7/20/2022,,"Withdrawal DEBIT CARD/H-E-B #265 CEDAR PARK TX Date 07/19/22 24427332200740275578343 Card 4969Merchant Category Code: 5411",226.53,,Posted,13103.56
"XXXXXX1009-S81",7/19/2022,2620,"Check 2620 Tracer 823600000301414",1450.00,,Posted,13330.09
"XXXXXX1009-S81",7/19/2022,2618,"Check 2618 Tracer 823600000302366",800.00,,Posted,14780.09
"XXXXXX1009-S81",7/19/2022,2610,"Check 2610 Tracer 823600000301415",1340.00,,Posted,15580.09
"XXXXXX1009-S81",7/19/2022,2608,"Check 2608 Tracer 823600000303130",5865.00,,Posted,16920.09
"XXXXXX1009-S81",7/19/2022,2588,"Check 2588 Tracer 823600000302367",500.00,,Posted,22785.09
"XXXXXX1009-S81",7/19/2022,,"Withdrawal POS #220010822349/POS SHELL SERVICE STATION AUSTIN TX Card 2272 Merchant Category Code: 5542",91.60,,Posted,23285.09
"XXXXXX1009-S81",7/19/2022,,"Withdrawal ACH ATT/TYPE: Payment ID: 9864031004 CO: ATT",80.42,,Posted,23376.69
"XXXXXX1009-S81",7/19/2022,,"Withdrawal ACH AMERICAN GEN LIF/TYPE: INS PAYMT ID: 4250598210 CO: AMERICAN GEN LIF",44.54,,Posted,23457.11
"XXXXXX1009-S81",7/19/2022,,"Deposit ACH BCBS HEALTH HPS/TYPE: 8007928595 ID: 1361236610 CO: BCBS HEALTH HPS",,1407.74,Posted,23501.65
"XXXXXX1009-S81",7/19/2022,,"Deposit ACH BCBS HEALTH HPS/TYPE: 8007928595 ID: 1361236610 CO: BCBS HEALTH HPS",,1407.74,Posted,22093.91
"XXXXXX1009-S81",7/19/2022,,"Deposit ACH BCBS HEALTH HPS/TYPE: 8007928595 ID: 1361236610 CO: BCBS HEALTH HPS",,866.28,Posted,20686.17
"XXXXXX1009-S81",7/19/2022,,"Deposit ACH BCBS HEALTH HPS/TYPE: 8007928595 ID: 1361236610 CO: BCBS HEALTH HPS",,388.10,Posted,19819.89
"XXXXXX1009-S81",7/19/2022,,"Deposit ACH BCBS HEALTH HPS/TYPE: 8007928595 ID: 1361236610 CO: BCBS HEALTH HPS",,174.20,Posted,19431.79
"XXXXXX1009-S81",7/19/2022,,"Recurring Withdrawal DEBIT CARD/MDV*MDVIP, INC 877-8861411 FL Date 07/18/22 24906412199152029819432 Card 2272Merchant Category Code: 8099",450.00,,Posted,19257.59
"XXXXXX1009-S81",7/19/2022,,"Withdrawal DEBIT CARD/FNCL PACIFIC LEASING 253-568-6148 WA Date 07/18/22 24943002200700936315992 Card 4969Merchant Category Code: 7394",611.93,,Posted,19707.59
"XXXXXX1009-S81",7/19/2022,,"Withdrawal DEBIT CARD/REID'S LAUNDRY &amp; DRY # 3 AUSTIN TX Date 07/18/22 24275472199524801211318 Card 2272Merchant Category Code: 7210",125.03,,Posted,20319.52
"XXXXXX1009-S81",7/19/2022,,"Withdrawal Bill Payment #220029026720/BP FORTIVA 855-802-5572 GA Card 0001 Merchant Category Code: 6051",174.99,,Posted,20444.55
"XXXXXX1009-S81",7/18/2022,2624,"Check 2624 Tracer 823500000589288",671.58,,Posted,20619.54
"XXXXXX1009-S81",7/18/2022,2619,"Check 2619 Tracer 823500000590813",2085.00,,Posted,21291.12
"XXXXXX1009-S81",7/18/2022,2613,"Check 2613 Tracer 823500000589918",1620.00,,Posted,23376.12
"XXXXXX1009-S81",7/18/2022,2601,"Check 2601 Tracer 823500000589287",277.05,,Posted,24996.12
"XXXXXX1009-S81",7/18/2022,2590,"Check 2590 Tracer 823500000590942",250.00,,Posted,25273.17
"XXXXXX1009-S81",7/18/2022,2568,"Check 2568 Tracer 823500000589306",1557.67,,Posted,25523.17
"XXXXXX1009-S81",7/18/2022,2617,"Check 2617 Tracer 823500000574001",2120.00,,Posted,27080.84
"XXXXXX1009-S81",7/18/2022,2612,"Check 2612 Tracer 823500000559001",1550.00,,Posted,29200.84
"XXXXXX1009-S81",7/18/2022,,"Withdrawal DEBIT CARD/RANDALLS #3145 LEANDER TX Date 07/17/22 24231682199837001017229 Card 4969Merchant Category Code: 5411",112.32,,Posted,30750.84
"XXXXXX1009-S81",7/18/2022,,"Withdrawal Transfer To Loan 00",200.00,,Posted,30863.16
"XXXXXX1009-S81",7/18/2022,,"Withdrawal POS #219912314684/POS H-E-B GAS #451 AUSTIN TX Card 2272 Merchant Category Code: 5542",77.64,,Posted,31063.16
"XXXXXX1009-S81",7/18/2022,,"Deposit Reconciled 0000030",,.00,Posted,.00
"XXXXXX1009-S81",7/18/2022,,"Deposit Bulk/Checks 5,092.08 Check Count 1 Deposit Number 0000030",,5092.08,Posted,31140.80
"XXXXXX1009-S81",7/18/2022,,"Withdrawal POS #219910857660/POS SHELL SERVICE STATION AUSTIN TX Card 2272 Merchant Category Code: 5542",52.19,,Posted,26048.72
"XXXXXX1009-S81",7/18/2022,,"Withdrawal POS #219910416511/POS SHELL SERVICE STATION AUSTIN TX Card 2272 Merchant Category Code: 5542",100.00,,Posted,26100.91
"XXXXXX1009-S81",7/18/2022,,"Withdrawal ACH WEBFILE TAX PYMT/TYPE: DD ID: 2146000311 DATA: CPA TAX PAYMENTS CO: WEBFILE TAX PYMT",7010.23,,Posted,26200.91
"XXXXXX1009-S81",7/18/2022,,"Withdrawal ACH GUSTO/TYPE: TAX 362749 ID: 9138864001 DATA: 3qhk CO: GUSTO",1716.35,,Posted,33211.14
"XXXXXX1009-S81",7/18/2022,,"Withdrawal ACH AMEX EPAYMENT/TYPE: ACH PMT ID: 0005000040 DATA: AM CO: AMEX EPAYMENT",398.00,,Posted,34927.49
"XXXXXX1009-S81",7/18/2022,,"Withdrawal ACH CHASE CREDIT CRD/TYPE: AUTOPAY ID: 4760039224 CO: CHASE CREDIT CRD",350.00,,Posted,35325.49
"XXXXXX1009-S81",7/18/2022,,"Withdrawal ACH AMEX EPAYMENT/TYPE: ACH PMT ID: 0005000040 DATA: AM CO: AMEX EPAYMENT",329.00,,Posted,35675.49
"XXXXXX1009-S81",7/18/2022,,"Withdrawal ACH City of Austin T/TYPE: PAYMENT ID: 5746000085 CO: City of Austin T NAME: GONZALEZ VARGAS, MICHE",247.52,,Posted,36004.49
"XXXXXX1009-S81",7/18/2022,,"Withdrawal ACH HOME DEPOT/TYPE: AUTO PYMT ID: CITIAUTFDR CO: HOME DEPOT",29.00,,Posted,36252.01
"XXXXXX1009-S81",7/18/2022,,"Withdrawal ACH AMEX EPAYMENT/TYPE: ACH PMT ID: 0005000040 DATA: AM CO: AMEX EPAYMENT",4.00,,Posted,36281.01
"XXXXXX1009-S81",7/18/2022,,"Withdrawal POS #219988232400/POS SHELL SERVICE STATION AUSTIN TX Card 2675 Merchant Category Code: 5542",62.13,,Posted,36285.01
"XXXXXX1009-S81",7/17/2022,,"Withdrawal POS #219865366001/POS NST THE HOME DEPOT 002341 2550 S INTERSTATE HWY 3 ROUND ROCK TX Card 2272Merchant Category Code: 5200",60.02,,Posted,36347.14
"XXXXXX1009-S81",7/17/2022,,"Withdrawal POS #219811072976/POS SHELL SERVICE STATION CEDAR PARK TX Card 2272 Merchant Category Code: 5541",90.08,,Posted,36407.16
"XXXXXX1009-S81",7/16/2022,,"Withdrawal POS #219722727314/POS WALGREENS STORE 1505 W WH CEDAR PARK TX Card 2272Merchant Category Code: 5912",63.69,,Posted,36497.24
"XXXXXX1009-S81",7/16/2022,,"Withdrawal POS #219716976802/POS H-E-B GAS #451 AUSTIN TX Card 2272 Merchant Category Code: 5542",49.72,,Posted,36560.93
"XXXXXX1009-S81",7/16/2022,,"Deposit Reconciled 0000024",,.00,Posted,.00
"XXXXXX1009-S81",7/16/2022,,"Deposit Bulk/Checks 5,696.58 Check Count 3 Deposit Number 0000024",,5696.58,Posted,36610.65
"XXXXXX1009-S81",7/16/2022,,"Withdrawal POS #219700900624/POS 7-ELEVEN 1870 S. Bagdad Roa US TX Card 4969Merchant Category Code: 5542",74.94,,Posted,30914.07
"XXXXXX1009-S81",7/16/2022,2615,"Check 2615 Tracer 823300000254002",2725.00,,Posted,30989.01
"XXXXXX1009-S81",7/16/2022,2626,"Check 2626 Tracer 823300000254001",200.00,,Posted,33714.01
"XXXXXX1009-S81",7/16/2022,2621,"Check 2621 Tracer 823300000075001",1442.50,,Posted,33914.01
"XXXXXX1009-S81",7/16/2022,,"Withdrawal DEBIT CARD/APLUS OUTDOOR POWER EQUI LEANDER TX Date 07/15/22 24801972196207966400109 Card 2272Merchant Category Code: 5046",777.19,,Posted,35356.51
"XXXXXX1009-S81",7/16/2022,,"Withdrawal POS #219700091886/POS QT 4132 INSIDE CEDAR PARK TX Card 2272 Merchant Category Code: 5541",41.23,,Posted,36133.70
"XXXXXX1009-S81",7/16/2022,,"Withdrawal DEBIT CARD/PRO SERVE ENTERPRISE AUSTIN TX Date 07/14/22 24251382196030053698907 Card 2675Merchant Category Code: 2842",40.92,,Posted,36174.93
"XXXXXX1009-S81",7/16/2022,,"Uncollected Fee/Due since 07/15/22 - Courtesy Pay-Dbt",34.00,,Posted,36215.85
"XXXXXX1009-S81",7/16/2022,,"Uncollected Fee/Due since 07/15/22 - Courtesy Pay-ACH",34.00,,Posted,36249.85
"XXXXXX1009-S81",7/15/2022,2614,"Check 2614 Tracer 823200000694262",1408.00,,Posted,36283.85
"XXXXXX1009-S81",7/15/2022,,"Deposit Reconciled 0000030",,.00,Posted,.00
"XXXXXX1009-S81",7/15/2022,,"Withdrawal POS #219620628693/POS WALGREENS STORE 1505 W WH CEDAR PARK TX Card 2272Merchant Category Code: 5912",105.95,,Posted,37691.85
"XXXXXX1009-S81",7/15/2022,,"Deposit ACH Texas Windstrom/TYPE: PAYABLES ID: 2746189303 DATA: DYNAMICS EFT DEPOSIT CO: Texas Windstrom",,8943.34,Posted,37797.80
"XXXXXX1009-S81",7/15/2022,2625,"Check 2625 Tracer 823200000461001",2411.83,,Posted,28854.46
"XXXXXX1009-S81",7/15/2022,,"Withdrawal Cash",2000.00,,Posted,31266.29
"XXXXXX1009-S81",7/15/2022,,"Deposit Bulk/Checks 33,457.81 Check Count 16 Deposit Number 0000030",,33457.81,Posted,33266.29
"XXXXXX1009-S81",7/15/2022,,"Uncollected Fee of $34.00 is Due",,.00,Posted,.00
"XXXXXX1009-S81",7/15/2022,,"Courtesy Pay-Dbt",,.00,Posted,-191.52
"XXXXXX1009-S81",7/15/2022,,"Withdrawal POS #219600329753/POS 7-ELEVEN 6111 Bee Cave Rd US Austin Card 2272 Merchant Category Code: 5542",45.35,,Posted,-191.52
"XXXXXX1009-S81",7/15/2022,,"Uncollected Fee of $34.00 is Due",,.00,Posted,.00
"XXXXXX1009-S81",7/15/2022,,"Courtesy Pay-ACH",,.00,Posted,-146.17
"XXXXXX1009-S81",7/15/2022,,"Withdrawal ACH THE GUARDIAN/TYPE: INSUR PREM ID: 9555845001 CO: THE GUARDIAN",849.54,,Posted,-146.17
"XXXXXX1009-S81",7/15/2022,,"Withdrawal ACH DISCOVER/TYPE: E-PAYMENT ID: 3510020270 DATA: DC PYMNTS DCIDPIINT CO: DISCOVER NAME: HERNANDEZ SALVADOR",500.00,,Posted,703.37
"XXXXXX1009-S81",7/15/2022,,"Withdrawal ACH CAPITAL ONE/TYPE: CRCARDPMT ID: 9541719018 CO: CAPITAL ONE",300.00,,Posted,1203.37
"XXXXXX1009-S81",7/15/2022,,"Withdrawal ACH HUMANA COMPBENEF/TYPE: 7709988936 ID: 2591843760 CO: HUMANA COMPBENEF",50.74,,Posted,1503.37
"XXXXXX1009-S81",7/15/2022,,"Withdrawal ACH INTUIT 50637105/TYPE: TRAN FEE ID: 9215986202 CO: INTUIT 50637105",31.76,,Posted,1554.11
"XXXXXX1009-S81",7/15/2022,,"Deposit ACH INTUIT 82027795/TYPE: DEPOSIT ID: 9215986202 CO: INTUIT 82027795",,926.86,Posted,1585.87
"XXXXXX1009-S81",7/15/2022,,"Withdrawal DEBIT CARD/TEXASGASSERVICE 800-700-2443 OK Date 07/14/22 24492152195743555070097 Card 0718Merchant Category Code: 4900",31.62,,Posted,659.01
"XXXXXX1009-S81",7/15/2022,,"Recurring Withdrawal DEBIT CARD/DOORDASH DASHPASS WWW.DOORDASH. CA Date 07/15/22 24011342196000010897491 Card 4969Merchant Category Code: 5812",9.99,,Posted,690.63
"XXXXXX1009-S81",7/15/2022,,"Withdrawal DEBIT CARD/THE CROMEENS LAW FIRM HOUSTON TX Date 07/14/22 24559302195900015885420 Card 2272Merchant Category Code: 8111",165.00,,Posted,700.62
"XXXXXX1009-S81",7/15/2022,,"Recurring Withdrawal Bill Payment - #219525100916/BP HP *INSTANT INK 855-785-2777 CA Card 0001 Merchant Category Code: 5111",27.05,,Posted,865.62
"XXXXXX1009-S81",7/15/2022,,"Withdrawal DEBIT CARD/VAZQUEZ TACOS #2 AUSTIN TX Date 07/14/22 24431062195200918601600 Card 2272Merchant Category Code: 5812",47.68,,Posted,892.67
"XXXXXX1009-S81",7/15/2022,,"Uncollected Fee/Due since 07/14/22 - Courtesy Pay-Dbt",34.00,,Posted,940.35
"XXXXXX1009-S81",7/15/2022,,"Uncollected Fee/Due since 07/14/22 - Courtesy Pay-Dbt",34.00,,Posted,974.35
"XXXXXX1009-S81",7/15/2022,,"Uncollected Fee/Due since 07/14/22 - Courtesy Pay-ACH",34.00,,Posted,1008.35
"XXXXXX1009-S81",7/15/2022,,"Uncollected Fee/Due since 07/14/22 - Courtesy Pay-ACH",34.00,,Posted,1042.35
"XXXXXX1009-S81",7/15/2022,,"Withdrawal DEBIT CARD/H &amp; R GROCERY AUSTIN TX Date 07/13/22 24427332195120004858992 Card 2272Merchant Category Code: 5541",20.56,,Posted,1076.35
"XXXXXX1009-S81",7/14/2022,,"Withdrawal POS #219520570428/POS H-E-B #029 W LAKE HILLS TX Card 0718 Merchant Category Code: 5411",38.60,,Posted,1096.91
"XXXXXX1009-S81",7/14/2022,,"Withdrawal UNPAIDNSF 2608/In the amount $5,865.00.",34.00,,Posted,1135.51
"XXXXXX1009-S81",7/14/2022,2607,"Check 2607 Tracer 823100000367542",1000.00,,Posted,1169.51
"XXXXXX1009-S81",7/14/2022,2597,"Check 2597 Tracer 823100000368148",520.00,,Posted,2169.51
"XXXXXX1009-S81",7/14/2022,2580,"Check 2580 Tracer 823100000367518",892.50,,Posted,2689.51
"XXXXXX1009-S81",7/14/2022,,"Deposit Reconciled 0000066",,.00,Posted,.00
"XXXXXX1009-S81",7/14/2022,,"Deposit Bulk/Checks 4,705.63 Check Count 2 Deposit Number 0000066",,4705.63,Posted,3582.01
"XXXXXX1009-S81",7/14/2022,,"Uncollected Fee of $34.00 is Due",,.00,Posted,.00
"XXXXXX1009-S81",7/14/2022,,"Courtesy Pay-Dbt",,.00,Posted,-1123.62
"XXXXXX1009-S81",7/14/2022,,"Withdrawal POS #219532026400/POS SUNOCO 0149788200 19350 IH 35 KYLE Card 2675 Merchant Category Code: 5542",64.22,,Posted,-1123.62
"XXXXXX1009-S81",7/14/2022,,"Uncollected Fee of $34.00 is Due",,.00,Posted,.00
"XXXXXX1009-S81",7/14/2022,,"Courtesy Pay-Dbt",,.00,Posted,-1059.40
"XXXXXX1009-S81",7/14/2022,,"Withdrawal POS #219544790600/POS 7-ELEVEN 36621 9061 RESEARCH BLVD AUSTIN TX Card 2272Merchant Category Code: 5542",60.54,,Posted,-1059.40
"XXXXXX1009-S81",7/14/2022,,"Uncollected Fee of $34.00 is Due",,.00,Posted,.00
"XXXXXX1009-S81",7/14/2022,,"Courtesy Pay-ACH",,.00,Posted,-998.86
"XXXXXX1009-S81",7/14/2022,,"Withdrawal ACH FARMERS INS EXCH/TYPE: RETRY PYMT ID: 2432215866 DATA: BILL PAYMENT CO: FARMERS INS EXCH",1005.33,,Posted,-998.86
"XXXXXX1009-S81",7/14/2022,,"Uncollected Fee of $34.00 is Due",,.00,Posted,.00
"XXXXXX1009-S81",7/14/2022,,"Courtesy Pay-ACH",,.00,Posted,6.47
"XXXXXX1009-S81",7/14/2022,,"Withdrawal ACH FARMERS INS EXCH/TYPE: INSPAYMENT ID: 2432215866 DATA: BILL PAYMENT CO: FARMERS INS EXCH",661.91,,Posted,6.47
"XXXXXX1009-S81",7/14/2022,,"Withdrawal ACH LendingClub/TYPE: 8885963157 ID: 8510605731 DATA: Y CO: LendingClub",498.15,,Posted,668.38
"XXXXXX1009-S81",7/14/2022,,"Withdrawal POS #219504833817/POS NNT LAKE LINE FOOD 001080 1075 N LINE BLVD 1 CEDAR PARK TX Card 2272Merchant Category Code: 5999",49.09,,Posted,1166.53
"XXXXXX1009-S81",7/13/2022,,"Withdrawal POS #219416395233/POS H-E-B #265 CEDAR PARK TX Card 2272 Merchant Category Code: 5411",37.34,,Posted,1215.62
"XXXXXX1009-S81",7/13/2022,,"Withdrawal POS #219415374531/POS H-E-B #265 CEDAR PARK TX Card 2272 Merchant Category Code: 5411",38.43,,Posted,1252.96
"XXXXXX1009-S81",7/13/2022,,"Withdrawal DEBIT CARD/RANDALLS #3145 LEANDER TX Date 07/12/22 24231682194837001407417 Card 4969Merchant Category Code: 5411",76.87,,Posted,1291.39
"XXXXXX1009-S81",7/13/2022,,"Withdrawal POS #A0HZJUN6/POS Microsoft 1 Microsoft Way Redmond WA Card 0001 Merchant Category Code: 5045",10.00,,Posted,1368.26
"XXXXXX1009-S81",7/13/2022,,"Recurring Withdrawal Bill Payment - #219453888888/BP NNT MSFT *&lt;E0500IQM460454 One Way MSBILL.INFO WA Card 0001Merchant Category Code: 5045",89.52,,Posted,1378.26
"XXXXXX1009-S81",7/13/2022,,"Recurring Withdrawal Bill Payment - #219448888888/BP NNT MSFT *&lt;E0500J43460571 One Way MSBILL.INFO WA Card 0001Merchant Category Code: 5045",27.08,,Posted,1467.78
"XXXXXX1009-S81",7/13/2022,,"Withdrawal POS #219400281876/POS 7-ELEVEN 6111 Bee Cave Rd US Austin Card 2272 Merchant Category Code: 5542",47.76,,Posted,1494.86
"XXXXXX1009-S81",7/13/2022,,"Recurring Withdrawal DEBIT CARD/MCW308-WHITESTONE 866-2543229 TX Date 07/12/22 24071052193939186395878 Card 2272Merchant Category Code: 7542",19.99,,Posted,1542.62
"XXXXXX1009-S81",7/13/2022,,"Withdrawal DEBIT CARD/PRO SERVE ENTERPRISE 512-326-2811 TX Date 07/11/22 24251382193017023806291 Card 2272Merchant Category Code: 2842",46.18,,Posted,1562.61
"XXXXXX1009-S81",7/12/2022,,"Withdrawal DEBIT CARD/CHEVRON 0175485 AUSTIN TX Date 07/12/22 24692162193100044754006 Card 2272Merchant Category Code: 5542",91.37,,Posted,1608.79
"XXXXXX1009-S81",7/12/2022,,"Withdrawal DEBIT CARD/SQ *LONGHORN TRAILERS &amp; E Austin TX Date 07/12/22 24692162193100835494135 Card 2675Merchant Category Code: 7513",45.00,,Posted,1700.16
"XXXXXX1009-S81",7/12/2022,,"Withdrawal POS #219367214601/POS NST THE HOME DEPOT 002625 1200 HOME DEPOT BLVD SUNSET VALLEY TX Card 2675Merchant Category Code: 5200",15.11,,Posted,1745.16
"XXXXXX1009-S81",7/12/2022,,"Withdrawal ACH AMEX EPAYMENT/TYPE: ACH PMT ID: 0005000008 DATA: ER AM CO: AMEX EPAYMENT",251.43,,Posted,1760.27
"XXXXXX1009-S81",7/12/2022,,"Withdrawal DEBIT CARD/H-E-B #265 CEDAR PARK TX Date 07/11/22 24427332192740274115600 Card 4969Merchant Category Code: 5411",87.00,,Posted,2011.70
"XXXXXX1009-S81",7/12/2022,,"Withdrawal DEBIT CARD/THE CROMEENS LAW FIRM HOUSTON TX Date 07/11/22 24559302192900011529314 Card 2272Merchant Category Code: 8111",1000.00,,Posted,2098.70
"XXXXXX1009-S81",7/12/2022,,"Withdrawal DEBIT CARD/THE CROMEENS LAW FIRM HOUSTON TX Date 07/11/22 24559302192900011529306 Card 2272Merchant Category Code: 8111",1500.00,,Posted,3098.70
"XXXXXX1009-S81",7/12/2022,,"Deposit/Bill.com, LLC Visa Direct CA Date 07/12/22 0 2193154777 2 5734 Card 0001Merchant Category Code: 5734",,1539.84,Posted,4598.70
"XXXXXX1009-S81",7/11/2022,2605,"Check 2605 Tracer 822800000457989",400.53,,Posted,3058.86
"XXXXXX1009-S81",7/11/2022,2604,"Check 2604 Tracer 822800000457489",2411.83,,Posted,3459.39
"XXXXXX1009-S81",7/11/2022,2567,"Check 2567 Tracer 822800000457073",277.05,,Posted,5871.22
"XXXXXX1009-S81",7/11/2022,,"Withdrawal POS #219200562797/POS 7-ELEVEN 6111 Bee Cave Rd US Austin Card 0718 Merchant Category Code: 5542",70.30,,Posted,6148.27
"XXXXXX1009-S81",7/11/2022,,"Withdrawal POS #219200217946/POS 7-ELEVEN 1870 S. Bagdad Roa US TX Card 2675Merchant Category Code: 5542",68.10,,Posted,6218.57
"XXXXXX1009-S81",7/11/2022,,"Deposit Reconciled 0000048",,.00,Posted,.00
"XXXXXX1009-S81",7/11/2022,,"Deposit Bulk/Checks 2,232.12 Check Count 2 Deposit Number 0000048",,2232.12,Posted,6286.67
"XXXXXX1009-S81",7/11/2022,,"Withdrawal Transfer/To HERNANDEZ,MARTHA 331014 Loan 02",447.78,,Posted,4054.55
"XXXXXX1009-S81",7/11/2022,,"Withdrawal ACH INTUIT 17503325/TYPE: TRAN FEE ID: 9215986202 CO: INTUIT 17503325",155.79,,Posted,4502.33
"XXXXXX1009-S81",7/11/2022,,"Deposit ACH INTUIT 49161935/TYPE: DEPOSIT ID: 9215986202 CO: INTUIT 49161935",,4567.40,Posted,4658.12
"XXXXXX1009-S81",7/9/2022,,"Withdrawal Cash",7000.00,,Posted,90.72
"XXXXXX1009-S81",7/9/2022,,"Recurring Withdrawal Bill Payment - #219027700669/BP ADOBE ACROPRO SUBS 408-536-6000 CA Card 0001 Merchant Category Code: 5734",16.23,,Posted,7090.72
"XXXXXX1009-S81",7/9/2022,,"Withdrawal POS #219067890701/POS NST THE HOME DEPOT 000239 10515 N MOPAC NC EXPRSW AUSTIN TX Card 2272Merchant Category Code: 5200",29.36,,Posted,7106.95
"XXXXXX1009-S81",7/9/2022,,"Withdrawal DEBIT CARD/EXXONMOBIL 48182828 AUSTIN TX Date 07/08/22 24164052190378008059993 Card 2675Merchant Category Code: 5542",12.82,,Posted,7136.31
"XXXXXX1009-S81",7/9/2022,,"Withdrawal DEBIT CARD/PAYPAL *HITECHPOWER HITEC 402-935-7733 Date 07/08/22 24492152189852456460444 Card 4969Merchant Category Code: 4816",220.00,,Posted,7149.13
"XXXXXX1009-S81",7/9/2022,,"Withdrawal DEBIT CARD/PAYPAL *HITECHPOWER HITEC 402-935-7733 Date 07/08/22 24492152189852456605154 Card 4969Merchant Category Code: 4816",212.50,,Posted,7369.13
"XXXXXX1009-S81",7/9/2022,,"Withdrawal DEBIT CARD/PAYPAL *HITECHPOWER HITEC 402-935-7733 Date 07/08/22 24492152189852456145607 Card 4969Merchant Category Code: 4816",249.68,,Posted,7581.63
"XXXXXX1009-S81",7/9/2022,,"Withdrawal DEBIT CARD/PAYPAL *HITECHPOWER HIT 402-935-7733 CA Date 07/08/22 24492152189894456528564 Card 4969Merchant Category Code: 4816",743.75,,Posted,7831.31
"XXXXXX1009-S81",7/8/2022,2603,"Check 2603 Tracer 822500000365038",671.59,,Posted,8575.06
"XXXXXX1009-S81",7/8/2022,2600,"Check 2600 Tracer 822500000365947",400.00,,Posted,9246.65
"XXXXXX1009-S81",7/8/2022,2589,"Check 2589 Tracer 822500000365651",1410.00,,Posted,9646.65
"XXXXXX1009-S81",7/8/2022,,"Deposit Reconciled 0000032",,.00,Posted,.00
"XXXXXX1009-S81",7/8/2022,,"Deposit Bulk/Checks 957.25 Check Count 2 Deposit Number 0000032",,957.25,Posted,11056.65
"XXXXXX1009-S81",7/8/2022,,"Withdrawal POS #218910225593/POS CIRCLE K #2741319 AUSTIN TX Card 2675 Merchant Category Code: 5542",39.29,,Posted,10099.40
"XXXXXX1009-S81",7/8/2022,,"Withdrawal ACH GUSTO/TYPE: TAX 023476 ID: 9138864001 DATA: 3qhk CO: GUSTO",1728.33,,Posted,10138.69
"XXXXXX1009-S81",7/8/2022,,"Withdrawal ACH NAVIENT/TYPE: RETRY PYMT ID: 3520974271 DATA: LSC/F ------ CO: NAVIENT",204.90,,Posted,11867.02
"XXXXXX1009-S81",7/8/2022,,"Withdrawal ACH *LINCOLN NATLIFE/TYPE: PREMPAYMNT ID: 3504728231 DATA: 0018400TER CO: *LINCOLN NATLIFE",105.20,,Posted,12071.92
"XXXXXX1009-S81",7/8/2022,,"Uncollected Fee/Due since 07/06/22 - UNPAIDNSF",34.00,,Posted,12177.12
"XXXXXX1009-S81",7/8/2022,,"Uncollected Fee/Due since 07/06/22 - UNPAIDNSF",34.00,,Posted,12211.12
"XXXXXX1009-S81",7/8/2022,,"Uncollected Fee/Due since 07/06/22 - UNPAIDNSF",34.00,,Posted,12245.12
"XXXXXX1009-S81",7/8/2022,,"Uncollected Fee/Due since 07/06/22 - Overdrawn ACH",34.00,,Posted,12279.12
"XXXXXX1009-S81",7/8/2022,,"Uncollected Fee/Due since 07/06/22 - Overdrawn ACH",34.00,,Posted,12313.12
"XXXXXX1009-S81",7/8/2022,,"Uncollected Fee/Due since 07/05/22 - UNPAIDNSF",34.00,,Posted,12347.12
"XXXXXX1009-S81",7/8/2022,,"Uncollected Fee/Due since 07/05/22 - UNPAIDNSF",34.00,,Posted,12381.12
"XXXXXX1009-S81",7/8/2022,,"Uncollected Fee/Due since 07/05/22 - UNPAIDNSF",34.00,,Posted,12415.12
"XXXXXX1009-S81",7/8/2022,,"Uncollected Fee/Due since 07/05/22 - UNPAIDNSF",34.00,,Posted,12449.12
"XXXXXX1009-S81",7/8/2022,,"Uncollected Fee/Due since 07/05/22 - UNPAIDNSF",34.00,,Posted,12483.12
"XXXXXX1009-S81",7/8/2022,,"Uncollected Fee/Due since 07/05/22 - Courtesy Pay-Ck",34.00,,Posted,12517.12
"XXXXXX1009-S81",7/8/2022,,"Uncollected Fee/Due since 07/05/22 - Courtesy Pay-Dbt",34.00,,Posted,12551.12
"XXXXXX1009-S81",7/8/2022,,"Uncollected Fee/Due since 07/05/22 - Courtesy Pay-ACH",34.00,,Posted,12585.12
"XXXXXX1009-S81",7/7/2022,2586,"Check 2586 Tracer 822400000333786",1442.50,,Posted,12619.12
"XXXXXX1009-S81",7/7/2022,,"Withdrawal POS #218815566837/POS H &amp; R GROCERY AUSTIN TX Card 2675 Merchant Category Code: 5542",70.42,,Posted,14061.62
"XXXXXX1009-S81",7/7/2022,2596,"Check 2596 Tracer 822400000299001",3650.00,,Posted,14132.04
"XXXXXX1009-S81",7/7/2022,,"Withdrawal Fee/Incoming Wire Fee",4.00,,Posted,17782.04
"XXXXXX1009-S81",7/7/2022,,"Deposit/Incoming Wire MARTHA HERNANDEZ",,20000.00,Posted,17786.04
"XXXXXX1009-S81",7/6/2022,,"Uncollected Fee of $34.00 is Due",,.00,Posted,.00
"XXXXXX1009-S81",7/6/2022,,"UNPAIDNSF 2594/In the amount $1,450.00.",,.00,Posted,-2213.96
"XXXXXX1009-S81",7/6/2022,,"Uncollected Fee of $34.00 is Due",,.00,Posted,.00
"XXXXXX1009-S81",7/6/2022,,"UNPAIDNSF 2587/In the amount $2,525.00.",,.00,Posted,-2213.96
"XXXXXX1009-S81",7/6/2022,,"Uncollected Fee of $34.00 is Due",,.00,Posted,.00
"XXXXXX1009-S81",7/6/2022,,"UNPAIDNSF 2573/In the amount $1,450.00.",,.00,Posted,-2213.96
"XXXXXX1009-S81",7/6/2022,,"Uncollected Fee of $34.00 is Due",,.00,Posted,.00
"XXXXXX1009-S81",7/6/2022,,"Overdrawn ACH/FARMERS INS EXCH",,.00,Posted,-2213.96
"XXXXXX1009-S81",7/6/2022,,"Uncollected Fee of $34.00 is Due",,.00,Posted,.00
"XXXXXX1009-S81",7/6/2022,,"Overdrawn ACH/AMERICAN GEN LIF",,.00,Posted,-2213.96
"XXXXXX1009-S81",7/5/2022,,"Uncollected Fee of $34.00 is Due",,.00,Posted,.00
"XXXXXX1009-S81",7/5/2022,,"UNPAIDNSF 2598/In the amount $420.00.",,.00,Posted,-2213.96
"XXXXXX1009-S81",7/5/2022,,"Uncollected Fee of $34.00 is Due",,.00,Posted,.00
"XXXXXX1009-S81",7/5/2022,,"UNPAIDNSF 2595/In the amount $2,275.00.",,.00,Posted,-2213.96
"XXXXXX1009-S81",7/5/2022,,"Uncollected Fee of $34.00 is Due",,.00,Posted,.00
"XXXXXX1009-S81",7/5/2022,,"UNPAIDNSF 2593/In the amount $1,410.00.",,.00,Posted,-2213.96
"XXXXXX1009-S81",7/5/2022,,"Uncollected Fee of $34.00 is Due",,.00,Posted,.00
"XXXXXX1009-S81",7/5/2022,,"UNPAIDNSF 2592/In the amount $1,408.00.",,.00,Posted,-2213.96
"XXXXXX1009-S81",7/5/2022,,"Uncollected Fee of $34.00 is Due",,.00,Posted,.00
"XXXXXX1009-S81",7/5/2022,,"UNPAIDNSF 2591/In the amount $2,920.00.",,.00,Posted,-2213.96
"XXXXXX1009-S81",7/5/2022,,"Uncollected Fee of $34.00 is Due",,.00,Posted,.00
"XXXXXX1009-S81",7/5/2022,,"Courtesy Pay-Ck",,.00,Posted,-2213.96
"XXXXXX1009-S81",7/5/2022,2585,"Check 2585 Tracer 822200000415100",1000.00,,Posted,-2213.96
"XXXXXX1009-S81",7/5/2022,,"Uncollected Fee of $34.00 is Due",,.00,Posted,.00
"XXXXXX1009-S81",7/5/2022,,"Courtesy Pay-Dbt",,.00,Posted,-1213.96
"XXXXXX1009-S81",7/5/2022,,"Withdrawal POS #218600998629/POS 7-ELEVEN 1870 S. Bagdad Roa US TX Card 4969Merchant Category Code: 5542",72.34,,Posted,-1213.96
"XXXXXX1009-S81",7/5/2022,,"Uncollected Fee of $34.00 is Due",,.00,Posted,.00
"XXXXXX1009-S81",7/5/2022,,"Courtesy Pay-ACH",,.00,Posted,-1141.62
"XXXXXX1009-S81",7/5/2022,,"Withdrawal ACH AMEX EPAYMENT/TYPE: RETRY PYMT ID: 0005000008 DATA: ER AM (R) g CO: AMEX EPAYMENT",9097.21,,Posted,-1141.62
"XXXXXX1009-S81",7/5/2022,,"Withdrawal Cash",3484.00,,Posted,7955.59
"XXXXXX1009-S81",7/5/2022,,"Deposit Reconciled 0000034",,.00,Posted,.00
"XXXXXX1009-S81",7/5/2022,,"Deposit Bulk/Checks 6,475.52 Check Count 1 Deposit Number 0000034",,6475.52,Posted,11439.59
"XXXXXX1009-S81",7/5/2022,,"Withdrawal Overdrawn ACH/AMEX EPAYMENT",34.00,,Posted,4964.07
"XXXXXX1009-S81",7/5/2022,,"Withdrawal ACH BKAMERICA/TYPE: IC PAYMENT ID: 1409936115 CO: BKAMERICA",877.05,,Posted,4998.07
"XXXXXX1009-S81",7/5/2022,,"Withdrawal ACH BCBS HEALTH HPS/TYPE: RETRY PYMT ID: 1361236610 DATA: (R) oq CO: BCBS HEALTH HPS",498.66,,Posted,5875.12
"XXXXXX1009-S81",7/5/2022,,"Withdrawal ACH CAPITAL ONE/TYPE: CRCARDPMT ID: 9541719018 CO: CAPITAL ONE",200.00,,Posted,6373.78
"XXXXXX1009-S81",7/5/2022,,"Withdrawal ACH INTUIT 79789735/TYPE: TRAN FEE ID: 9215986202 CO: INTUIT 79789735",19.09,,Posted,6573.78
"XXXXXX1009-S81",7/5/2022,,"Withdrawal ACH INTUIT 77027515/TYPE: TRAN FEE ID: 9215986202 CO: INTUIT 77027515",9.67,,Posted,6592.87
"XXXXXX1009-S81",7/5/2022,,"Deposit ACH INTUIT 12196525/TYPE: DEPOSIT ID: 9215986202 CO: INTUIT 12196525",,649.50,Posted,6602.54
"XXXXXX1009-S81",7/5/2022,,"Deposit ACH Ternion Growth P/TYPE: SIGONFILE ID: 9000830338 DATA: 805-680-2004 CO: Ternion Growth P",,476.30,Posted,5953.04
"XXXXXX1009-S81",7/5/2022,,"Deposit ACH Ternion Growth P/TYPE: SIGONFILE ID: 9000830338 DATA: 805-680-2004 CO: Ternion Growth P",,476.30,Posted,5476.74
"XXXXXX1009-S81",7/5/2022,,"Deposit ACH INTUIT 09273985/TYPE: DEPOSIT ID: 9215986202 CO: INTUIT 09273985",,324.75,Posted,5000.44
"XXXXXX1009-S81",7/5/2022,,"Withdrawal POS #218609947215/POS H-E-B GAS #451 AUSTIN TX Card 2675 Merchant Category Code: 5542",138.75,,Posted,4675.69
"XXXXXX1009-S81",7/5/2022,,"Recurring Withdrawal Bill Payment - #218603994768/BP APPLE COM BILL CUPERTINO CA Card 2272 Merchant Category Code: 4899",2.99,,Posted,4814.44
"XXXXXX1009-S81",7/5/2022,,"Withdrawal DEBIT CARD/LOC CITIZENS*PMT1OF0 401-2825259 CT Date 07/04/22 24638572185016018489899 Card 4969Merchant Category Code: 6012",63.76,,Posted,4817.43
"XXXXXX1009-S81",7/4/2022,,"Withdrawal DEBIT CARD/RANDALLS #1896 CEDAR PARK TX Date 07/03/22 24231682185837001431426 Card 4969Merchant Category Code: 5411",99.31,,Posted,4881.19
"XXXXXX1009-S81",7/3/2022,,"Uncollected Fee/Due since 07/01/22 - Overdrawn ACH",34.00,,Posted,4980.50
"XXXXXX1009-S81",7/3/2022,,"Uncollected Fee/Due since 07/01/22 - Overdrawn ACH",34.00,,Posted,5014.50
"XXXXXX1009-S81",7/3/2022,,"Uncollected Fee/Due since 07/01/22 - Overdrawn ACH",34.00,,Posted,5048.50
"XXXXXX1009-S81",7/3/2022,,"Uncollected Fee/Due since 07/01/22 - Overdrawn ACH",34.00,,Posted,5082.50
"XXXXXX1009-S81",7/3/2022,,"Uncollected Fee/Due since 06/30/22 - TRANSACTION FEES",32.00,,Posted,5116.50
"XXXXXX1009-S81",7/3/2022,,"Uncollected Fee/Due since 06/30/22 - LOW BALANCE FEE",6.00,,Posted,5148.50
"XXXXXX1009-S81",7/3/2022,,"Uncollected Fee/Due since 06/30/22 - UNPAIDNSF",34.00,,Posted,5154.50
"XXXXXX1009-S81",7/3/2022,,"Uncollected Fee/Due since 06/30/22 - Overdrawn ACH",34.00,,Posted,5188.50
"XXXXXX1009-S81",7/3/2022,,"Uncollected Fee/Due since 06/30/22 - Overdrawn ACH",34.00,,Posted,5222.50
"XXXXXX1009-S81",7/3/2022,,"Uncollected Fee/Due since 06/29/22 - Overdrawn Debit",34.00,,Posted,5256.50
"XXXXXX1009-S81",7/3/2022,,"Uncollected Fee/Due since 06/29/22 - Overdrawn ACH",34.00,,Posted,5290.50
"XXXXXX1009-S81",7/3/2022,,"Uncollected Fee/Due since 06/29/22 - Courtesy Pay-Dbt",34.00,,Posted,5324.50
"XXXXXX1009-S81",7/3/2022,,"Uncollected Fee/Due since 06/29/22 - Courtesy Pay-Dbt",34.00,,Posted,5358.50
"XXXXXX1009-S81",7/3/2022,,"Uncollected Fee/Due since 06/28/22 - UNPAIDNSF",34.00,,Posted,5392.50
"XXXXXX1009-S81",7/3/2022,,"Uncollected Fee/Due since 06/28/22 - Courtesy Pay-Dbt",34.00,,Posted,5426.50
"XXXXXX1009-S81",7/3/2022,,"Uncollected Fee/Due since 06/28/22 - Courtesy Pay-Dbt",34.00,,Posted,5460.50
"XXXXXX1009-S81",7/3/2022,,"Uncollected Fee/Due since 06/28/22 - Overdrawn ACH",34.00,,Posted,5494.50
"XXXXXX1009-S81",7/3/2022,,"Uncollected Fee/Due since 06/28/22 - Overdrawn ACH",34.00,,Posted,5528.50
"XXXXXX1009-S81",7/3/2022,,"Uncollected Fee/Due since 06/28/22 - Courtesy Pay-ACH",34.00,,Posted,5562.50
"XXXXXX1009-S81",7/3/2022,,"Uncollected Fee/Due since 06/28/22 - Courtesy Pay-ACH",34.00,,Posted,5596.50
"XXXXXX1009-S81",7/3/2022,,"Uncollected Fee/Due since 06/28/22 - Courtesy Pay-ACH",34.00,,Posted,5630.50
"XXXXXX1009-S81",7/3/2022,,"Uncollected Fee/Due since 06/28/22 - Courtesy Pay-Dbt",34.00,,Posted,5664.50
"XXXXXX1009-S81",7/3/2022,,"Uncollected Fee/Due since 06/28/22 - Courtesy Pay-Dbt",34.00,,Posted,5698.50
"XXXXXX1009-S81",7/3/2022,,"Uncollected Fee/Due since 06/27/22 - UNPAIDNSF",34.00,,Posted,5732.50
"XXXXXX1009-S81",7/3/2022,,"Uncollected Fee/Due since 06/27/22 - Courtesy Pay-Ck",34.00,,Posted,5766.50
"XXXXXX1009-S81",7/3/2022,,"Uncollected Fee/Due since 06/27/22 - UNPAIDNSF",34.00,,Posted,5800.50
"XXXXXX1009-S81",7/3/2022,,"Uncollected Fee/Due since 06/27/22 - Courtesy Pay-Ck",34.00,,Posted,5834.50
"XXXXXX1009-S81",7/2/2022,,"Withdrawal POS #218314024075/POS QT 4156 LIBERTY HILL TX Card 2675 Merchant Category Code: 5542",71.29,,Posted,5868.50
"XXXXXX1009-S81",7/2/2022,,"Deposit Reconciled 0000028",,.00,Posted,.00
"XXXXXX1009-S81",7/2/2022,,"Deposit Bulk/Checks 7,848.13 Check Count 6 Deposit Number 0000028",,7848.13,Posted,5939.79
"XXXXXX1009-S81",7/1/2022,,"Uncollected Fee of $34.00 is Due",,.00,Posted,.00
"XXXXXX1009-S81",7/1/2022,,"Overdrawn ACH/AMEX EPAYMENT",,.00,Posted,-1908.34
"XXXXXX1009-S81",7/1/2022,,"Uncollected Fee of $34.00 is Due",,.00,Posted,.00
"XXXXXX1009-S81",7/1/2022,,"Overdrawn ACH/Financial Pacifi",,.00,Posted,-1908.34
"XXXXXX1009-S81",7/1/2022,,"Uncollected Fee of $34.00 is Due",,.00,Posted,.00
"XXXXXX1009-S81",7/1/2022,,"Overdrawn ACH/ALLY",,.00,Posted,-1908.34
"XXXXXX1009-S81",7/1/2022,,"Uncollected Fee of $34.00 is Due",,.00,Posted,.00
"XXXXXX1009-S81",7/1/2022,,"Overdrawn ACH/NAVIENT",,.00,Posted,-1908.34
"XXXXXX1009-S81",7/1/2022,,"Deposit ACH BCBS HEALTH HPS/TYPE: 8007928595 ID: 1361236610 CO: BCBS HEALTH HPS",,33.25,Posted,-1908.34
"XXXXXX1009-S81",6/30/2022,,"Uncollected Fee of $32.00 is Due",,.00,Posted,.00
"XXXXXX1009-S81",6/30/2022,,"TRANSACTION FEES",,.00,Posted,-1941.59
"XXXXXX1009-S81",6/30/2022,,"Uncollected Fee of $6.00 is Due",,.00,Posted,.00
"XXXXXX1009-S81",6/30/2022,,"LOW BALANCE FEE",,.00,Posted,-1941.59
"XXXXXX1009-S81",6/30/2022,,"Uncollected Fee of $34.00 is Due",,.00,Posted,.00
"XXXXXX1009-S81",6/30/2022,,"UNPAIDNSF 2582/In the amount $250.00.",,.00,Posted,-1941.59
"XXXXXX1009-S81",6/30/2022,,"Uncollected Fee of $34.00 is Due",,.00,Posted,.00
"XXXXXX1009-S81",6/30/2022,,"Overdrawn ACH/ATT",,.00,Posted,-1941.59
"XXXXXX1009-S81",6/30/2022,,"Uncollected Fee of $34.00 is Due",,.00,Posted,.00
"XXXXXX1009-S81",6/30/2022,,"Overdrawn ACH/BCBS HEALTH HPS",,.00,Posted,-1941.59
"XXXXXX1009-S81",6/29/2022,,"Uncollected Fee of $34.00 is Due",,.00,Posted,.00
"XXXXXX1009-S81",6/29/2022,,"Overdrawn Debit",,.00,Posted,-1941.59
"XXXXXX1009-S81",6/29/2022,,"Withdrawal DEBIT CARD/RANDALLS #3145 LEANDER TX Date 06/28/22 24231682180837001724007 Card 4969Merchant Category Code: 5411",27.86,,Posted,-1941.59
"XXXXXX1009-S81",6/29/2022,,"Uncollected Fee of $34.00 is Due",,.00,Posted,.00
"XXXXXX1009-S81",6/29/2022,,"Overdrawn ACH/ATT",,.00,Posted,-1913.73
"XXXXXX1009-S81",6/29/2022,,"Uncollected Fee of $34.00 is Due",,.00,Posted,.00
"XXXXXX1009-S81",6/29/2022,,"Courtesy Pay-Dbt",,.00,Posted,-1913.73
"XXXXXX1009-S81",6/29/2022,,"Recurring Withdrawal DEBIT CARD/APPLE.COM/BILL 866-712-7753 CA Date 06/29/22 24692162180100885278060 Card 2272Merchant Category Code: 5735",14.06,,Posted,-1913.73
"XXXXXX1009-S81",6/29/2022,,"Uncollected Fee of $34.00 is Due",,.00,Posted,.00
"XXXXXX1009-S81",6/29/2022,,"Courtesy Pay-Dbt",,.00,Posted,-1899.67
"XXXXXX1009-S81",6/29/2022,,"Withdrawal DEBIT CARD/VIVINT INC/US PROVO UT Date 06/29/22 24430992180083749398026 Card 4969Merchant Category Code: 7393",61.13,,Posted,-1899.67
"XXXXXX1009-S81",6/28/2022,,"Uncollected Fee of $34.00 is Due",,.00,Posted,.00
"XXXXXX1009-S81",6/28/2022,,"UNPAIDNSF 2580/In the amount $892.50.",,.00,Posted,-1838.54
"XXXXXX1009-S81",6/28/2022,,"Uncollected Fee of $34.00 is Due",,.00,Posted,.00
"XXXXXX1009-S81",6/28/2022,,"Courtesy Pay-Dbt",,.00,Posted,-1838.54
"XXXXXX1009-S81",6/28/2022,,"Withdrawal DEBIT CARD/ALAMO SPECIALTY PHARMACY 210-8686140 TX Date 06/27/22 24325452179900013204661 Card 4969Merchant Category Code: 5912",55.00,,Posted,-1838.54
"XXXXXX1009-S81",6/28/2022,,"Uncollected Fee of $34.00 is Due",,.00,Posted,.00
"XXXXXX1009-S81",6/28/2022,,"Courtesy Pay-Dbt",,.00,Posted,-1783.54
"XXXXXX1009-S81",6/28/2022,,"Withdrawal POS #217900254041/POS 7-ELEVEN 1870 S. Bagdad Roa US TX Card 4969Merchant Category Code: 5542",71.23,,Posted,-1783.54
"XXXXXX1009-S81",6/28/2022,,"Uncollected Fee of $34.00 is Due",,.00,Posted,.00
"XXXXXX1009-S81",6/28/2022,,"Overdrawn ACH/ATT",,.00,Posted,-1712.31
"XXXXXX1009-S81",6/28/2022,,"Uncollected Fee of $34.00 is Due",,.00,Posted,.00
"XXXXXX1009-S81",6/28/2022,,"Overdrawn ACH/ALLY",,.00,Posted,-1712.31
"XXXXXX1009-S81",6/28/2022,,"Uncollected Fee of $34.00 is Due",,.00,Posted,.00
"XXXXXX1009-S81",6/28/2022,,"Courtesy Pay-ACH",,.00,Posted,-1712.31
"XXXXXX1009-S81",6/28/2022,,"Withdrawal ACH CRATEBARREL CC/TYPE: CRATE EPAY ID: 9069872103 CO: CRATEBARREL CC NAME: 5243041004094603",352.00,,Posted,-1712.31
"XXXXXX1009-S81",6/28/2022,,"Uncollected Fee of $34.00 is Due",,.00,Posted,.00
"XXXXXX1009-S81",6/28/2022,,"Courtesy Pay-ACH",,.00,Posted,-1360.31
"XXXXXX1009-S81",6/28/2022,,"Withdrawal ACH ATT/TYPE: Payment ID: 9864031005 CO: ATT NAME: UHCU",74.15,,Posted,-1360.31
"XXXXXX1009-S81",6/28/2022,,"Uncollected Fee of $34.00 is Due",,.00,Posted,.00
"XXXXXX1009-S81",6/28/2022,,"Courtesy Pay-ACH",,.00,Posted,-1286.16
"XXXXXX1009-S81",6/28/2022,,"Withdrawal ACH ATMOS ENERGY RCR/TYPE: UTIL PYMT ID: 9000000091 CO: ATMOS ENERGY RCR NAME: MARTHA HERNANDEZ",66.67,,Posted,-1286.16
"XXXXXX1009-S81",6/28/2022,,"Uncollected Fee of $34.00 is Due",,.00,Posted,.00
"XXXXXX1009-S81",6/28/2022,,"Courtesy Pay-Dbt",,.00,Posted,-1219.49
"XXXXXX1009-S81",6/28/2022,,"Withdrawal Bill Payment #217921026832/BP FORTIVA 855-802-5572 GA Card 4969 Merchant Category Code: 6051",43.85,,Posted,-1219.49
"XXXXXX1009-S81",6/28/2022,,"Uncollected Fee of $34.00 is Due",,.00,Posted,.00
"XXXXXX1009-S81",6/28/2022,,"Courtesy Pay-Dbt",,.00,Posted,-1175.64
"XXXXXX1009-S81",6/28/2022,,"Withdrawal DEBIT CARD/H-E-B #265 CEDAR PARK TX Date 06/27/22 24427332178740274523298 Card 4969Merchant Category Code: 5411",155.60,,Posted,-1175.64
"XXXXXX1009-S81",6/27/2022,,"Uncollected Fee of $34.00 is Due",,.00,Posted,.00
"XXXXXX1009-S81",6/27/2022,,"UNPAIDNSF 50152/In the amount $1,742.35.",,.00,Posted,-1020.04
"XXXXXX1009-S81",6/27/2022,,"Uncollected Fee of $34.00 is Due",,.00,Posted,.00
"XXXXXX1009-S81",6/27/2022,,"Courtesy Pay-Ck",,.00,Posted,-1020.04
"XXXXXX1009-S81",6/27/2022,50150,"Check 50150 Tracer 821400000265644",277.05,,Posted,-1020.04
"XXXXXX1009-S81",6/27/2022,,"Uncollected Fee of $34.00 is Due",,.00,Posted,.00
"XXXXXX1009-S81",6/27/2022,,"UNPAIDNSF 50142/In the amount $1,742.35.",,.00,Posted,-742.99
"XXXXXX1009-S81",6/27/2022,,"Uncollected Fee of $34.00 is Due",,.00,Posted,.00
"XXXXXX1009-S81",6/27/2022,,"Courtesy Pay-Ck",,.00,Posted,-742.99
"XXXXXX1009-S81",6/27/2022,2572,"Check 2572 Tracer 821400000266489",1925.00,,Posted,-742.99
"XXXXXX1009-S81",6/27/2022,2569,"Check 2569 Tracer 821400000265642",671.58,,Posted,1182.01
"XXXXXX1009-S81",6/27/2022,2564,"Check 2564 Tracer 821400000266133",2400.00,,Posted,1853.59
"XXXXXX1009-S81",6/27/2022,2557,"Check 2557 Tracer 821400000266338",1650.00,,Posted,4253.59
"XXXXXX1009-S81",6/27/2022,,"Withdrawal at ATM #217820906298/ATM M212113 1801 EAST WHITESTONE BL PARK TX Card 2675Merchant Category Code: 6011",60.00,,Posted,5903.59
"XXXXXX1009-S81",6/27/2022,,"Withdrawal POS #217857101700/POS WAL-MART #2991 201 WALTON WAY CEDAR PARK TX Card 4969Merchant Category Code: 5411",89.42,,Posted,5963.59
"XXXXXX1009-S81",6/27/2022,,"Withdrawal POS #217800847006/POS SAMS CLUB #8259 SAM'S Club AUSTIN TX Card 2272 Merchant Category Code: 5300",430.53,,Posted,6053.01
"XXXXXX1009-S81",6/27/2022,,"Withdrawal POS #217812593410/POS H &amp; R GROCERY AUSTIN TX Card 2272 Merchant Category Code: 5541",59.57,,Posted,6483.54
"XXXXXX1009-S81",6/27/2022,,"Withdrawal POS #217812593365/POS H &amp; R GROCERY AUSTIN TX Card 2272 Merchant Category Code: 5541",143.16,,Posted,6543.11
"XXXXXX1009-S81",6/27/2022,,"Withdrawal Cash",3000.00,,Posted,6686.27
"XXXXXX1009-S81",6/27/2022,,"Withdrawal DEBIT CARD/JIMMY JOHNS - 1810 - ECOM 512-259-1030 Date 06/26/22 24269792178500522589236 Card 4969Merchant Category Code: 5814",37.93,,Posted,9686.27
"XXXXXX1009-S81",6/27/2022,,"Withdrawal ACH CHASE CREDIT CRD/TYPE: EPAY ID: 5760039224 CO: CHASE CREDIT CRD NAME: ARACELI VAZQUEZ",350.00,,Posted,9724.20
"XXXXXX1009-S81",6/27/2022,,"Withdrawal POS #217869777800/POS 7-ELEVEN 34251 9200 BURNET ROAD TX Card 2675Merchant Category Code: 5542",75.03,,Posted,10074.20
"XXXXXX1009-S81",6/27/2022,,"Withdrawal DEBIT CARD/CHICK-FIL-A #04062 LEANDER TX Date 06/25/22 24427332177710026338809 Card 4969Merchant Category Code: 5814",41.86,,Posted,10149.23
"XXXXXX1009-S81",6/27/2022,,"Recurring Withdrawal DEBIT CARD/24HR CAR UNLOCK EMERGE lockpoppersof TX Date 06/26/22 24492162178000000216977 Card 2272Merchant Category Code: 1520",89.82,,Posted,10191.09
"XXXXXX1009-S81",6/26/2022,,"Withdrawal DEBIT CARD/SQ *SANA VIDA WELLNESS CE gosq.com TX Date 06/26/22 24692162177100714114507 Card 4969Merchant Category Code: 8011",238.40,,Posted,10280.91
"XXXXXX1009-S81",6/26/2022,,"Withdrawal DEBIT CARD/DD DOORDASH VILLAPIZZ 855-973-1040 CA Date 06/26/22 24492152177743240464764 Card 4969Merchant Category Code: 5812",36.16,,Posted,10519.31
"XXXXXX1009-S81",6/26/2022,,"Withdrawal POS #217717650712/POS WALGREENS STORE 905 CRYST LEANDER TX Card 4969 Merchant Category Code: 5912",63.28,,Posted,10555.47
"XXXXXX1009-S81",6/26/2022,,"Withdrawal ATM Fee/ATM USAACATM19 .905 CRYSTAL FALLS PKW LEANDER TX Card 4969Merchant Category Code: 6011",1.00,,Posted,10618.75
"XXXXXX1009-S81",6/26/2022,,"Withdrawal at ATM #217717333358/ATM USAACATM19 .905 CRYSTAL FALLS PKW LEANDER TX Card 4969Merchant Category Code: 6011",83.25,,Posted,10619.75
"XXXXXX1009-S81",6/26/2022,,"Withdrawal POS #217717538790/POS WALGREENS STORE 905 CRYST LEANDER TX Card 4969 Merchant Category Code: 5912",110.00,,Posted,10703.00
"XXXXXX1009-S81",6/26/2022,,"Withdrawal DEBIT CARD/DD DOORDASH MCDONALDS 855-973-1040 CA Date 06/25/22 24492152176717175763094 Card 4969Merchant Category Code: 5812",19.90,,Posted,10813.00
"XXXXXX1009-S81",6/25/2022,,"Uncollected Fee/Due since 06/23/22 - Overdrawn Debit",34.00,,Posted,10832.90
"XXXXXX1009-S81",6/25/2022,,"Uncollected Fee/Due since 06/23/22 - Courtesy Pay-Dbt",34.00,,Posted,10866.90
"XXXXXX1009-S81",6/25/2022,,"Uncollected Fee/Due since 06/23/22 - Courtesy Pay-Dbt",34.00,,Posted,10900.90
"XXXXXX1009-S81",6/25/2022,,"Uncollected Fee/Due since 06/23/22 - Courtesy Pay-Dbt",34.00,,Posted,10934.90
"XXXXXX1009-S81",6/25/2022,,"Uncollected Fee/Due since 06/22/22 - UNPAIDNSF",34.00,,Posted,10968.90
"XXXXXX1009-S81",6/25/2022,,"Uncollected Fee/Due since 06/22/22 - UNPAIDNSF",34.00,,Posted,11002.90
"XXXXXX1009-S81",6/25/2022,,"Uncollected Fee/Due since 06/22/22 - UNPAIDNSF",34.00,,Posted,11036.90
"XXXXXX1009-S81",6/25/2022,,"Uncollected Fee/Due since 06/22/22 - UNPAIDNSF",34.00,,Posted,11070.90
"XXXXXX1009-S81",6/25/2022,,"Uncollected Fee/Due since 06/22/22 - Courtesy Pay-Dbt",34.00,,Posted,11104.90
"XXXXXX1009-S81",6/25/2022,,"Uncollected Fee/Due since 06/22/22 - Courtesy Pay-Dbt",34.00,,Posted,11138.90
"XXXXXX1009-S81",6/25/2022,,"Uncollected Fee/Due since 06/22/22 - Courtesy Pay-ACH",34.00,,Posted,11172.90
"XXXXXX1009-S81",6/25/2022,,"Uncollected Fee/Due since 06/22/22 - Courtesy Pay-ACH",34.00,,Posted,11206.90
"XXXXXX1009-S81",6/25/2022,,"Uncollected Fee/Due since 06/21/22 - Courtesy Pay-Ck",34.00,,Posted,11240.90
"XXXXXX1009-S81",6/25/2022,,"Uncollected Fee/Due since 06/21/22 - Courtesy Pay-Dbt",34.00,,Posted,11274.90
"XXXXXX1009-S81",6/25/2022,,"Uncollected Fee/Due since 06/21/22 - Courtesy Pay-Dbt",34.00,,Posted,11308.90
"XXXXXX1009-S81",6/25/2022,,"Uncollected Fee/Due since 06/21/22 - Courtesy Pay-ACH",34.00,,Posted,11342.90
"XXXXXX1009-S81",6/24/2022,,"Deposit Reconciled 0000074",,.00,Posted,.00
"XXXXXX1009-S81",6/24/2022,,"Withdrawal Cash",3000.00,,Posted,11376.90
"XXXXXX1009-S81",6/24/2022,,"Deposit Bulk/Checks 16,393.60 Check Count 1 Deposit Number 0000074",,16393.60,Posted,14376.90
"XXXXXX1009-S81",6/23/2022,,"Uncollected Fee of $34.00 is Due",,.00,Posted,.00
"XXXXXX1009-S81",6/23/2022,,"Overdrawn Debit",,.00,Posted,-2016.70
"XXXXXX1009-S81",6/23/2022,,"Withdrawal DEBIT CARD/DD DOORDASH BUFFALOWI 855-973-1040 CA Date 06/23/22 24492152174745834531026 Card 4969Merchant Category Code: 5812",25.76,,Posted,-2016.70
"XXXXXX1009-S81",6/23/2022,,"Uncollected Fee of $34.00 is Due",,.00,Posted,.00
"XXXXXX1009-S81",6/23/2022,,"Courtesy Pay-Dbt",,.00,Posted,-1990.94
"XXXXXX1009-S81",6/23/2022,,"Withdrawal POS #217407829246/POS CIRCLE K #2740557 PFLUGERVILLE TX Card 2675 Merchant Category Code: 5542",74.00,,Posted,-1990.94
"XXXXXX1009-S81",6/23/2022,,"Uncollected Fee of $34.00 is Due",,.00,Posted,.00
"XXXXXX1009-S81",6/23/2022,,"Courtesy Pay-Dbt",,.00,Posted,-1916.94
"XXXXXX1009-S81",6/23/2022,,"Withdrawal DEBIT CARD/VIVINT INC/US 800-216-5232 UT Date 06/23/22 24430992174083704422587 Card 4969Merchant Category Code: 7393",39.48,,Posted,-1916.94
"XXXXXX1009-S81",6/23/2022,,"Uncollected Fee of $34.00 is Due",,.00,Posted,.00
"XXXXXX1009-S81",6/23/2022,,"Courtesy Pay-Dbt",,.00,Posted,-1877.46
"XXXXXX1009-S81",6/23/2022,,"Withdrawal Bill Payment #217428100903/BP CULLIGAN/ULTRAPURE WAT 507-200-0820 Card 2272 Merchant Category Code: 4900",97.32,,Posted,-1877.46
"XXXXXX1009-S81",6/22/2022,,"Uncollected Fee of $34.00 is Due",,.00,Posted,.00
"XXXXXX1009-S81",6/22/2022,,"UNPAIDNSF 2577/In the amount $1,260.00.",,.00,Posted,-1780.14
"XXXXXX1009-S81",6/22/2022,,"Uncollected Fee of $34.00 is Due",,.00,Posted,.00
"XXXXXX1009-S81",6/22/2022,,"UNPAIDNSF 2575/In the amount $1,562.50.",,.00,Posted,-1780.14
"XXXXXX1009-S81",6/22/2022,,"Uncollected Fee of $34.00 is Due",,.00,Posted,.00
"XXXXXX1009-S81",6/22/2022,,"UNPAIDNSF 2573/In the amount $1,450.00.",,.00,Posted,-1780.14
"XXXXXX1009-S81",6/22/2022,,"Uncollected Fee of $34.00 is Due",,.00,Posted,.00
"XXXXXX1009-S81",6/22/2022,,"UNPAIDNSF 2570/In the amount $2,411.83.",,.00,Posted,-1780.14
"XXXXXX1009-S81",6/22/2022,,"Uncollected Fee of $34.00 is Due",,.00,Posted,.00
"XXXXXX1009-S81",6/22/2022,,"Courtesy Pay-Dbt",,.00,Posted,-1780.14
"XXXXXX1009-S81",6/22/2022,,"Withdrawal POS #217300796144/POS 7-ELEVEN 6111 BEE CAVE RD US AUSTIN Card 4969 Merchant Category Code: 5541",7.01,,Posted,-1780.14
"XXXXXX1009-S81",6/22/2022,,"Deposit Reconciled 0000028",,.00,Posted,.00
"XXXXXX1009-S81",6/22/2022,,"Deposit Bulk/Checks 262.47 Check Count 1 Deposit Number 0000028",,262.47,Posted,-1773.13
"XXXXXX1009-S81",6/22/2022,,"Uncollected Fee of $34.00 is Due",,.00,Posted,.00
"XXXXXX1009-S81",6/22/2022,,"Courtesy Pay-Dbt",,.00,Posted,-2035.60
"XXXXXX1009-S81",6/22/2022,,"Withdrawal DEBIT CARD/EXXONMOBIL 48326227 AUSTIN TX Date 06/21/22 24164052173378003119710 Card 2675Merchant Category Code: 5542",155.31,,Posted,-2035.60
"XXXXXX1009-S81",6/22/2022,,"Uncollected Fee of $34.00 is Due",,.00,Posted,.00
"XXXXXX1009-S81",6/22/2022,,"Courtesy Pay-ACH",,.00,Posted,-1880.29
"XXXXXX1009-S81",6/22/2022,,"Withdrawal ACH DISCOVER BANK/TYPE: PREARRANGE ID: 6510020271 DATA: DC FINOUT DPLSVCPAY CO: DISCOVER BANK",656.20,,Posted,-1880.29
"XXXXXX1009-S81",6/22/2022,,"Uncollected Fee of $34.00 is Due",,.00,Posted,.00
"XXXXXX1009-S81",6/22/2022,,"Courtesy Pay-ACH",,.00,Posted,-1224.09
"XXXXXX1009-S81",6/22/2022,,"Withdrawal ACH ALLSTATE INS CO/TYPE: INS PREM ID: 1360719665 DATA: ACH.EZPR02010 Q CO: ALLSTATE INS NAME: HERNANDEZ",59.53,,Posted,-1224.09
"XXXXXX1009-S81",6/21/2022,,"Uncollected Fee of $34.00 is Due",,.00,Posted,.00
"XXXXXX1009-S81",6/21/2022,,"Courtesy Pay-Ck",,.00,Posted,-1164.56
"XXXXXX1009-S81",6/21/2022,2583,"Check 2583 Tracer 820800000647042",550.00,,Posted,-1164.56
"XXXXXX1009-S81",6/21/2022,2581,"Check 2581 Tracer 820800000226001",2050.00,,Posted,-614.56
"XXXXXX1009-S81",6/21/2022,,"Withdrawal Courtesy Pay fee",34.00,,Posted,1435.44
"XXXXXX1009-S81",6/21/2022,,"Deposit Reconciled 0000017",,.00,Posted,.00
"XXXXXX1009-S81",6/21/2022,,"Withdrawal Cash",260.00,,Posted,1469.44
"XXXXXX1009-S81",6/21/2022,,"Deposit Bulk/Checks 1,835.40 Check Count 1 Deposit Number 0000017",,1835.40,Posted,1729.44
"XXXXXX1009-S81",6/21/2022,,"Uncollected Fee of $34.00 is Due",,.00,Posted,.00
"XXXXXX1009-S81",6/21/2022,,"Courtesy Pay-Dbt",,.00,Posted,-105.96
"XXXXXX1009-S81",6/21/2022,,"Withdrawal POS #217288549200/POS STAR STOP 74 2819 GUADALUPE ST TX Card 2675Merchant Category Code: 5542",16.33,,Posted,-105.96
"XXXXXX1009-S81",6/21/2022,,"Uncollected Fee of $34.00 is Due",,.00,Posted,.00
"XXXXXX1009-S81",6/21/2022,,"Courtesy Pay-Dbt",,.00,Posted,-89.63
"XXXXXX1009-S81",6/21/2022,,"Withdrawal POS #217295136600/POS STAR STOP 74 2819 GUADALUPE ST TX Card 2675Merchant Category Code: 5542",47.13,,Posted,-89.63
"XXXXXX1009-S81",6/21/2022,,"Uncollected Fee of $34.00 is Due",,.00,Posted,.00
"XXXXXX1009-S81",6/21/2022,,"Courtesy Pay-ACH",,.00,Posted,-42.50
"XXXXXX1009-S81",6/21/2022,,"Withdrawal ACH WEBFILE TAX PYMT/TYPE: DD ID: 2146000311 DATA: CPA TAX PAYMENTS CO: WEBFILE TAX PYMT",7689.32,,Posted,-42.50
"XXXXXX1009-S81",6/21/2022,,"Deposit Transfer From Loan 00",,98.96,Posted,7646.82
"XXXXXX1009-S81",6/21/2022,,"Withdrawal ACH ALLSTATE INS CO/TYPE: INS PREM ID: 1360719665 DATA: ACH.EZPR02010 S CO: ALLSTATE INS CO",855.75,,Posted,7547.86
"XXXXXX1009-S81",6/21/2022,,"Withdrawal ACH CAPITAL ONE/TYPE: CRCARDPMT ID: 9541719318 CO: CAPITAL ONE",200.00,,Posted,8403.61
"XXXXXX1009-S81",6/21/2022,,"Withdrawal ACH ALLSTATE INS CO/TYPE: INS PREM ID: 1360719665 DATA: ACH.EZPR02010 S CO: ALLSTATE INS CO",49.23,,Posted,8603.61
"XXXXXX1009-S81",6/21/2022,,"Withdrawal ACH HOME DEPOT/TYPE: AUTO PYMT ID: CITIAUTFDR CO: HOME DEPOT",29.00,,Posted,8652.84
"XXXXXX1009-S81",6/21/2022,,"Withdrawal DEBIT CARD/H-E-B #265 CEDAR PARK TX Date 06/20/22 24427332171740273674164 Card 4969Merchant Category Code: 5411",196.84,,Posted,8681.84
"XXXXXX1009-S81",6/21/2022,,"Withdrawal DEBIT CARD/SKY ASIAN FUSION LEANDER TX Date 06/19/22 24765012171010000167132 Card 4969Merchant Category Code: 5812",67.25,,Posted,8878.68
"XXXXXX1009-S81",6/21/2022,,"Withdrawal DEBIT CARD/IN *KRISTY R. CORTEZ, PC 512-8352635 TX Date 06/20/22 24692162171100942535735 Card 0001Merchant Category Code: 8931",750.00,,Posted,8945.93
"XXXXXX1009-S81",6/20/2022,,"Withdrawal DEBIT CARD/CINEMARK THEATRES 1032 CEDAR PARK TX Date 06/19/22 24692162171100518786795 Card 4969Merchant Category Code: 7832",31.45,,Posted,9695.93
"XXXXXX1009-S81",6/20/2022,,"Withdrawal POS #217100226795/POS 7-ELEVEN 1870 S. Bagdad Roa US TX Card 4969Merchant Category Code: 5542",57.63,,Posted,9727.38
"XXXXXX1009-S81",6/20/2022,,"Withdrawal POS #217100237132/POS 7-ELEVEN 1870 S BAGDAD RD US LEANDER TX Card 4969Merchant Category Code: 5541",12.31,,Posted,9785.01
"XXXXXX1009-S81",6/20/2022,,"Withdrawal POS #217100023310/POS 7-ELEVEN 11518 N. FM 620 US AUSTIN Card 2272 Merchant Category Code: 5541",6.91,,Posted,9797.32
"XXXXXX1009-S81",6/20/2022,,"Withdrawal POS #217142201000/POS 7-ELEVEN 34251 9200 BURNET ROAD TX Card 2675Merchant Category Code: 5542",79.67,,Posted,9804.23
"XXXXXX1009-S81",6/19/2022,,"Withdrawal POS #217020199141/POS QT 4143 CEDAR PARK TX Card 4969 Merchant Category Code: 5541",21.13,,Posted,9883.90
"XXXXXX1009-S81",6/19/2022,,"Withdrawal DEBIT CARD/IN N OUT BURGER 294 CEDAR PARK TX Date 06/18/22 24013392170002087535734 Card 4969Merchant Category Code: 5814",34.32,,Posted,9905.03
"XXXXXX1009-S81",6/19/2022,,"Withdrawal DEBIT CARD/QT 4132 INSIDE CEDAR PARK TX Date 06/18/22 24692162170100876014658 Card 2272Merchant Category Code: 5541",7.77,,Posted,9939.35
"XXXXXX1009-S81",6/19/2022,,"Withdrawal POS #217010164310/POS H-E-B #265 CEDAR PARK TX Card 2272 Merchant Category Code: 5411",290.36,,Posted,9947.12
"XXXXXX1009-S81",6/19/2022,,"Withdrawal DEBIT CARD/LOWES #02774* LEANDER TX Date 06/18/22 24692162170100698281337 Card 4969Merchant Category Code: 5200",110.72,,Posted,10237.48
"XXXXXX1009-S81",6/18/2022,,"Recurring Withdrawal DEBIT CARD/BELLA SERA OF LEANDER HTTPSBELLASER TX Date 06/18/22 24492162169000038319497 Card 2272Merchant Category Code: 5812",200.27,,Posted,10348.20
"XXXXXX1009-S81",6/18/2022,,"Withdrawal POS #217000624437/POS WALGREENS STORE 1505 W WH CEDAR PARK TX Card 2272Merchant Category Code: 5912",4.49,,Posted,10548.47
"XXXXXX1009-S81",6/18/2022,,"Withdrawal DEBIT CARD/DD DOORDASH BROOKLYNH 855-973-1040 CA Date 06/18/22 24492152169713204082522 Card 4969Merchant Category Code: 5812",61.99,,Posted,10552.96
"XXXXXX1009-S81",6/18/2022,,"Deposit Reconciled 0000032",,.00,Posted,.00
"XXXXXX1009-S81",6/18/2022,,"Withdrawal/United Heritage Charity Foundation",15.00,,Posted,10614.95
"XXXXXX1009-S81",6/18/2022,,"Deposit Bulk/Checks 3,231.26 Check Count 1 Deposit Number 0000032",,3231.26,Posted,10629.95
"XXXXXX1009-S81",6/18/2022,,"Withdrawal Transfer To Loan 00",200.00,,Posted,7398.69
"XXXXXX1009-S81",6/18/2022,,"Withdrawal DEBIT CARD/MOD PIZZA CEDAR PARK CEDAR PARK TX Date 06/18/22 24692162169100959535564 Card 4969Merchant Category Code: 5812",29.35,,Posted,7598.69
"XXXXXX1009-S81",6/18/2022,,"Withdrawal DEBIT CARD/DD DOORDASH WINGSTOP 855-973-1040 CA Date 06/17/22 24492152168743053116759 Card 4969Merchant Category Code: 5812",36.68,,Posted,7628.04
"XXXXXX1009-S81",6/18/2022,,"Withdrawal DEBIT CARD/PARKWHIZ, INC. 888-472-7594 IL Date 06/17/22 24492152168717097434113 Card 0718Merchant Category Code: 7523",12.12,,Posted,7664.72
"XXXXXX1009-S81",6/17/2022,2584,"Check 2584 Tracer 820400000387535",250.00,,Posted,7676.84
"XXXXXX1009-S81",6/17/2022,2579,"Check 2579 Tracer 820400000387782",1620.00,,Posted,7926.84
"XXXXXX1009-S81",6/17/2022,2571,"Check 2571 Tracer 820400000387243",1000.00,,Posted,9546.84
"XXXXXX1009-S81",6/17/2022,,"Withdrawal POS #216815871833/POS H-E-B #029 W LAKE HILLS TX Card 0718 Merchant Category Code: 5411",70.20,,Posted,10546.84
"XXXXXX1009-S81",6/17/2022,2574,"Check 2574 Tracer 820400000191001",2925.00,,Posted,10617.04
"XXXXXX1009-S81",6/17/2022,,"Withdrawal ACH CITI CARD ONLINE/TYPE: PAYMENT ID: CITICTP CO: CITI CARD ONLINE NAME: MARTHA G HERNANDEZ",441.08,,Posted,13542.04
"XXXXXX1009-S81",6/17/2022,,"Withdrawal ACH *LINCOLN NATLIFE/TYPE: PREMPAYMNT ID: 3504728231 DATA: 0018400TER CO: *LINCOLN NATLIFE",316.91,,Posted,13983.12
"XXXXXX1009-S81",6/17/2022,,"Withdrawal ACH ATT/TYPE: Payment ID: 9864031004 CO: ATT",80.42,,Posted,14300.03
"XXXXXX1009-S81",6/17/2022,,"Deposit ACH PEAK6 GROUP/TYPE: PAYMENT ID: 1364166492 CO: PEAK6 GROUP",,1194.72,Posted,14380.45
"XXXXXX1009-S81",6/17/2022,,"Withdrawal DEBIT CARD/MI TRADICION AUSTIN TX Date 06/16/22 24275392167900019203933 Card 2272Merchant Category Code: 5462",20.78,,Posted,13185.73
"XXXXXX1009-S81",6/17/2022,,"Withdrawal DEBIT CARD/THE CROMEENS LAW FIRM HOUSTON TX Date 06/16/22 24559302167900014382712 Card 2272Merchant Category Code: 8111",905.00,,Posted,13206.51
"XXXXXX1009-S81",6/16/2022,,"Withdrawal DEBIT CARD/CHEVRON 0309325 AUSTIN TX Date 06/16/22 24692162167100437300732 Card 2675Merchant Category Code: 5542",52.20,,Posted,14111.51
"XXXXXX1009-S81",6/16/2022,,"Withdrawal DEBIT CARD/DD DOORDASH SONICDRIV 855-973-1040 CA Date 06/16/22 24492152167715947820136 Card 2272Merchant Category Code: 5812",27.28,,Posted,14163.71
"XXXXXX1009-S81",6/16/2022,,"Withdrawal POS #216715101377/POS H-E-B #265 CEDAR PARK TX Card 4969 Merchant Category Code: 5411",96.45,,Posted,14190.99
"XXXXXX1009-S81",6/16/2022,2576,"Check 2576 Tracer 820300000342417",2640.00,,Posted,14287.44
"XXXXXX1009-S81",6/16/2022,2578,"Check 2578 Tracer 820300000168001",1536.00,,Posted,16927.44
"XXXXXX1009-S81",6/16/2022,,"Deposit Reconciled 0000026",,.00,Posted,.00
"XXXXXX1009-S81",6/16/2022,,"Withdrawal Cash",3100.00,,Posted,18463.44
"XXXXXX1009-S81",6/16/2022,,"Deposit Bulk/Checks 15,050.94 Check Count 9 Deposit Number 0000026",,15050.94,Posted,21563.44
"XXXXXX1009-S81",6/16/2022,,"Withdrawal ACH INTUIT 78525985/TYPE: TRAN FEE ID: 9215986202 CO: INTUIT 78525985",49.22,,Posted,6512.50
"XXXXXX1009-S81",6/16/2022,,"Deposit ACH INTUIT 12762285/TYPE: DEPOSIT ID: 9215986202 CO: INTUIT 12762285",,1688.70,Posted,6561.72
"XXXXXX1009-S81",6/16/2022,,"Withdrawal DEBIT CARD/DD DOORDASH BUFFALOWI 855-973-1040 CA Date 06/16/22 24492152167743914896715 Card 4969Merchant Category Code: 5812",46.67,,Posted,4873.02
"XXXXXX1009-S81",6/16/2022,,"Withdrawal POS #216700509642/POS 7-ELEVEN 1870 S. Bagdad Roa US TX Card 2675Merchant Category Code: 5542",74.19,,Posted,4919.69
"XXXXXX1009-S81",6/16/2022,,"Uncollected Fee/Due since 06/15/22 - Courtesy Pay-Dbt",34.00,,Posted,4993.88
"XXXXXX1009-S81",6/16/2022,,"Uncollected Fee/Due since 06/15/22 - Overdrawn ACH",34.00,,Posted,5027.88
"XXXXXX1009-S81",6/16/2022,,"Uncollected Fee/Due since 06/15/22 - Courtesy Pay-ACH",34.00,,Posted,5061.88
"XXXXXX1009-S81",6/15/2022,,"Deposit ACH UFCU/TYPE: EFT ID: 314977405 CO: UFCU DATA: EFT BATCH # 1325",,320.00,Posted,5095.88
"XXXXXX1009-S81",6/15/2022,,"Deposit ACH UFCU/TYPE: EFT ID: 314977405 CO: UFCU DATA: EFT BATCH # 1325",,185.00,Posted,4775.88
"XXXXXX1009-S81",6/15/2022,,"Withdrawal DEBIT CARD/RANDALLS #3145 LEANDER TX Date 06/14/22 24231682166837001536003 Card 4969Merchant Category Code: 5411",110.46,,Posted,4590.88
"XXXXXX1009-S81",6/15/2022,,"Deposit Reconciled 0000028",,.00,Posted,.00
"XXXXXX1009-S81",6/15/2022,,"Withdrawal/United Heritage Charity Foundation",25.00,,Posted,4701.34
"XXXXXX1009-S81",6/15/2022,,"Deposit Bulk/Checks 5,536.41 Check Count 5 Deposit Number 0000028",,5536.41,Posted,4726.34
"XXXXXX1009-S81",6/15/2022,,"Uncollected Fee of $34.00 is Due",,.00,Posted,.00
"XXXXXX1009-S81",6/15/2022,,"Courtesy Pay-Dbt",,.00,Posted,-810.07
"XXXXXX1009-S81",6/15/2022,,"Withdrawal POS #216600376375/POS 7-ELEVEN 1870 S. Bagdad Roa US TX Card 4969Merchant Category Code: 5542",57.56,,Posted,-810.07
"XXXXXX1009-S81",6/15/2022,,"Uncollected Fee of $34.00 is Due",,.00,Posted,.00
"XXXXXX1009-S81",6/15/2022,,"Overdrawn ACH/WEBFILE TAX PYMT",,.00,Posted,-752.51
"XXXXXX1009-S81",6/15/2022,,"Uncollected Fee of $34.00 is Due",,.00,Posted,.00
"XXXXXX1009-S81",6/15/2022,,"Courtesy Pay-ACH",,.00,Posted,-752.51
"XXXXXX1009-S81",6/15/2022,,"Withdrawal ACH IRS/TYPE: USATAXPYMT ID: 3387702000 CO: IRS",2500.00,,Posted,-752.51
"XXXXXX1009-S81",6/15/2022,,"Withdrawal ACH THE GUARDIAN/TYPE: INSUR PREM ID: 9555845001 CO: THE GUARDIAN",849.54,,Posted,1747.49
"XXXXXX1009-S81",6/15/2022,,"Withdrawal ACH DISCOVER/TYPE: E-PAYMENT ID: 3510020270 DATA: DC PYMNTS DCIDPIINT CO: DISCOVER NAME: HERNANDEZ SALVADOR",500.00,,Posted,2597.03
"XXXXXX1009-S81",6/15/2022,,"Withdrawal ACH CAPITAL ONE/TYPE: CRCARDPMT ID: 9541719018 CO: CAPITAL ONE",300.00,,Posted,3097.03
"XXXXXX1009-S81",6/15/2022,,"Withdrawal ACH City of Austin T/TYPE: PAYMENT ID: 5746000085 CO: City of Austin T NAME: GONZALEZ VARGAS, MICHE",189.84,,Posted,3397.03
"XXXXXX1009-S81",6/15/2022,,"Withdrawal ACH GUSTO/TYPE: HPT 233797 ID: 9138864001 DATA: 3qhk CO: GUSTO",51.00,,Posted,3586.87
"XXXXXX1009-S81",6/15/2022,,"Withdrawal ACH HUMANA COMPBENEF/TYPE: 7709988936 ID: 2591843760 CO: HUMANA COMPBENEF",50.74,,Posted,3637.87
"XXXXXX1009-S81",6/15/2022,,"Withdrawal DEBIT CARD/LOTUS HUNAN AUSTIN TX Date 06/14/22 24801972166091154000392 Card 2272Merchant Category Code: 5814",78.92,,Posted,3688.61
"XXXXXX1009-S81",6/14/2022,2556,"Check 2556 Tracer 820100000346318",1060.00,,Posted,3767.53
"XXXXXX1009-S81",6/14/2022,,"Deposit Reconciled 0000020",,.00,Posted,.00
"XXXXXX1009-S81",6/14/2022,,"Deposit Bulk/Checks 665.74 Check Count 1 Deposit Number 0000020",,665.74,Posted,4827.53
"XXXXXX1009-S81",6/14/2022,,"Withdrawal ACH GUSTO/TYPE: TAX 128831 ID: 9138864001 DATA: 3qhk CO: GUSTO",1755.35,,Posted,4161.79
"XXXXXX1009-S81",6/14/2022,,"Withdrawal ACH FARMERS INS EXCH/TYPE: INSPAYMENT ID: 2432215866 DATA: BILL PAYMENT CO: FARMERS INS EXCH",661.91,,Posted,5917.14
"XXXXXX1009-S81",6/14/2022,,"Withdrawal ACH LendingClub/TYPE: 8885963157 ID: 8510605731 DATA: Y CO: LendingClub",498.15,,Posted,6579.05
"XXXXXX1009-S81",6/14/2022,,"Withdrawal DEBIT CARD/TEXASGASSERVICE 800-700-2443 OK Date 06/13/22 24492152164713615418401 Card 0718Merchant Category Code: 4900",29.07,,Posted,7077.20
"XXXXXX1009-S81",6/14/2022,,"Withdrawal DEBIT CARD/H-E-B #265 CEDAR PARK TX Date 06/13/22 24427332164740273926142 Card 4969Merchant Category Code: 5411",175.00,,Posted,7106.27
"XXXXXX1009-S81",6/13/2022,2563,"Check 2563 Tracer 820000000440692",350.00,,Posted,7281.27
"XXXXXX1009-S81",6/13/2022,2555,"Check 2555 Tracer 820000000441099",2800.00,,Posted,7631.27
"XXXXXX1009-S81",6/13/2022,,"Withdrawal POS #216413994856/POS QT 4143 CEDAR PARK TX Card 2675 Merchant Category Code: 5542",166.31,,Posted,10431.27
"XXXXXX1009-S81",6/13/2022,,"Withdrawal DEBIT CARD/CINEMARK THEATRES 1032 CEDAR PARK TX Date 06/12/22 24692162164100760593922 Card 4969Merchant Category Code: 7832",31.67,,Posted,10597.58
"XXXXXX1009-S81",6/13/2022,,"Withdrawal POS #216483296801/POS NST THE HOME DEPOT 001976 11301 LAKELINE RD AUSTIN TX Card 2675Merchant Category Code: 5200",18.53,,Posted,10629.25
"XXXXXX1009-S81",6/13/2022,,"Withdrawal ACH INTUIT 58262225/TYPE: TRAN FEE ID: 9215986202 CO: INTUIT 58262225",48.75,,Posted,10647.78
"XXXXXX1009-S81",6/13/2022,,"Withdrawal ACH INTUIT 51291855/TYPE: TRAN FEE ID: 9215986202 CO: INTUIT 51291855",31.63,,Posted,10696.53
"XXXXXX1009-S81",6/13/2022,,"Withdrawal DEBIT CARD/H-E-B #265 CEDAR PARK TX Date 06/12/22 24427332163740270023688 Card 2272Merchant Category Code: 5411",19.98,,Posted,10728.16
"XXXXXX1009-S81",6/13/2022,,"Withdrawal DEBIT CARD/H-E-B #265 CEDAR PARK TX Date 06/12/22 24427332163740270023605 Card 2272Merchant Category Code: 5411",63.01,,Posted,10748.14
"XXXXXX1009-S81",6/13/2022,,"Deposit ACH INTUIT 92655445/TYPE: DEPOSIT ID: 9215986202 CO: INTUIT 92655445",,1426.58,Posted,10811.15
"XXXXXX1009-S81",6/13/2022,,"Deposit ACH INTUIT 85713605/TYPE: DEPOSIT ID: 9215986202 CO: INTUIT 85713605",,922.91,Posted,9384.57
"XXXXXX1009-S81",6/13/2022,,"Withdrawal DEBIT CARD/PRO SERVE ENTERPRISE AUSTIN TX Date 06/10/22 24251382163030112580129 Card 2675Merchant Category Code: 2842",30.70,,Posted,8461.66
"XXXXXX1009-S81",6/13/2022,,"Recurring Withdrawal DEBIT CARD/MCW308-WHITESTONE 866-2543229 TX Date 06/12/22 24071052163939135729298 Card 2272Merchant Category Code: 7542",19.99,,Posted,8492.36
"XXXXXX1009-S81",6/12/2022,,"Withdrawal DEBIT CARD/DD DOORDASH WINGSTOP 855-973-1040 CA Date 06/12/22 24492152163715438324972 Card 4969Merchant Category Code: 5812",23.82,,Posted,8512.35
"XXXXXX1009-S81",6/12/2022,,"Withdrawal DEBIT CARD/RAISING CANE'S 618 CEDAR PARK TX Date 06/12/22 24231682163698401985858 Card 2272Merchant Category Code: 5814",18.38,,Posted,8536.17
"XXXXXX1009-S81",6/12/2022,,"Withdrawal POS #216327809082/POS NNT LAKE LINE FOOD 832597 1075 N LINE BLVD 1 CEDAR PARK TX Card 2272Merchant Category Code: 5999",31.24,,Posted,8554.55
"XXXXXX1009-S81",6/12/2022,,"Withdrawal POS #216320886166/POS ACADEMY SPORTS #123 CEDAR PARK TX Card 4969 Merchant Category Code: 5941",139.99,,Posted,8585.79
"XXXXXX1009-S81",6/12/2022,,"Withdrawal DEBIT CARD/TST* Guaco Taco - Leander Leander TX Date 06/11/22 24692162163100022088787 Card 4969Merchant Category Code: 5812",44.99,,Posted,8725.78
"XXXXXX1009-S81",6/12/2022,,"Withdrawal DEBIT CARD/CRICKET WRLS#70145661 CEDAR PARK TX Date 06/11/22 24692162163100777490436 Card 2272Merchant Category Code: 4812",98.33,,Posted,8770.77
"XXXXXX1009-S81",6/12/2022,,"Withdrawal DEBIT CARD/PAYPAL *HITECHPOWER HIT 402-935-7733 CA Date 06/11/22 24492152162894142809858 Card 0001Merchant Category Code: 4816",212.50,,Posted,8869.10
"XXXXXX1009-S81",6/12/2022,,"Withdrawal DEBIT CARD/PAYPAL *HITECHPOWER HITEC 402-935-7733 Date 06/11/22 24492152162852142624727 Card 0001Merchant Category Code: 4816",584.37,,Posted,9081.60
"XXXXXX1009-S81",6/12/2022,,"Withdrawal DEBIT CARD/PAYPAL *HITECHPOWER HITEC 402-935-7733 Date 06/11/22 24492152162852142504713 Card 0001Merchant Category Code: 4816",345.31,,Posted,9665.97
"XXXXXX1009-S81",6/12/2022,,"Withdrawal DEBIT CARD/PAYPAL *HITECHPOWER HIT 402-935-7733 CA Date 06/11/22 24492152162894142724750 Card 0001Merchant Category Code: 4816",159.37,,Posted,10011.28
"XXXXXX1009-S81",6/11/2022,,"Withdrawal POS #216216297675/POS H-E-B #029 W LAKE HILLS TX Card 0718 Merchant Category Code: 5411",62.15,,Posted,10170.65
"XXXXXX1009-S81",6/11/2022,,"Withdrawal POS #216200343052/POS 7-ELEVEN 11643 Research Blv US TX Card 2675Merchant Category Code: 5542",77.23,,Posted,10232.80
"XXXXXX1009-S81",6/11/2022,,"Deposit Reconciled 0000024",,.00,Posted,.00
"XXXXXX1009-S81",6/11/2022,,"Deposit Bulk/Checks 4,436.09 Check Count 3 Deposit Number 0000024",,4436.09,Posted,10310.03
"XXXXXX1009-S81",6/11/2022,,"Withdrawal Transfer/To HERNANDEZ,MARTHA 331014 Loan 02",447.78,,Posted,5873.94
"XXXXXX1009-S81",6/11/2022,,"Withdrawal POS #216283923301/POS NST THE HOME DEPOT 002860 1200 HOME DEPOT BLVD SUNSET VALLEY TX Card 2675Merchant Category Code: 5200",24.94,,Posted,6321.72
"XXXXXX1009-S81",6/11/2022,,"Withdrawal DEBIT CARD/H-E-B #719 SAN ANTONIO TX Date 06/10/22 24427332161740289597054 Card 4969Merchant Category Code: 5411",5.95,,Posted,6346.66
"XXXXXX1009-S81",6/11/2022,,"Withdrawal POS #216123142074/POS H-E-B GAS /CARWASH #719 SAN ANTONIO Card 4969 Merchant Category Code: 5542",61.34,,Posted,6352.61
"XXXXXX1009-S81",6/11/2022,,"Withdrawal at ATM #216100002261/ATM RBFCU 11432 W LOOP 1604 N SAN TX Card 4969Merchant Category Code: 6011",500.00,,Posted,6413.95
"XXXXXX1009-S81",6/11/2022,,"Uncollected Fee/Due since 06/10/22 - Courtesy Pay-Dbt",34.00,,Posted,6913.95
"XXXXXX1009-S81",6/11/2022,,"Uncollected Fee/Due since 06/10/22 - Courtesy Pay-Dbt",34.00,,Posted,6947.95
"XXXXXX1009-S81",6/11/2022,,"Uncollected Fee/Due since 06/10/22 - Courtesy Pay-Dbt",34.00,,Posted,6981.95
"XXXXXX1009-S81",6/11/2022,,"Uncollected Fee/Due since 06/09/22 - Courtesy Pay-Dbt",34.00,,Posted,7015.95
"XXXXXX1009-S81",6/11/2022,,"Uncollected Fee/Due since 06/09/22 - Courtesy Pay-Dbt",34.00,,Posted,7049.95
"XXXXXX1009-S81",6/11/2022,,"Uncollected Fee/Due since 06/09/22 - Courtesy Pay-Dbt",34.00,,Posted,7083.95
"XXXXXX1009-S81",6/11/2022,,"Uncollected Fee/Due since 06/08/22 - Courtesy Pay-Dbt",34.00,,Posted,7117.95
"XXXXXX1009-S81",6/11/2022,,"Uncollected Fee/Due since 06/07/22 - UNPAIDNSF",34.00,,Posted,7151.95
"XXXXXX1009-S81",6/11/2022,,"Uncollected Fee/Due since 06/07/22 - UNPAIDNSF",34.00,,Posted,7185.95
"XXXXXX1009-S81",6/11/2022,,"Uncollected Fee/Due since 06/07/22 - UNPAIDNSF",34.00,,Posted,7219.95
"XXXXXX1009-S81",6/11/2022,,"Uncollected Fee/Due since 06/07/22 - Courtesy Pay-Ck",34.00,,Posted,7253.95
"XXXXXX1009-S81",6/11/2022,,"Uncollected Fee/Due since 06/07/22 - Courtesy Pay-Dbt",34.00,,Posted,7287.95
"XXXXXX1009-S81",6/11/2022,,"Uncollected Fee/Due since 06/07/22 - Courtesy Pay-Dbt",34.00,,Posted,7321.95
"XXXXXX1009-S81",6/11/2022,,"Uncollected Fee/Due since 06/07/22 - Courtesy Pay-ACH",34.00,,Posted,7355.95
"XXXXXX1009-S81",6/10/2022,2550,"Check 2550 Tracer 819700000403775",1442.50,,Posted,7389.95
"XXXXXX1009-S81",6/10/2022,,"Deposit ACH Texas Windstrom/TYPE: PAYABLES ID: 2746189303 DATA: DYNAMICS EFT DEPOSIT CO: Texas Windstrom",,9022.89,Posted,8832.45
"XXXXXX1009-S81",6/10/2022,,"Uncollected Fee of $34.00 is Due",,.00,Posted,.00
"XXXXXX1009-S81",6/10/2022,,"Courtesy Pay-Dbt",,.00,Posted,-190.44
"XXXXXX1009-S81",6/10/2022,,"Withdrawal DEBIT CARD/DD DOORDASH TACOPALEN 855-973-1040 CA Date 06/10/22 24492152161717139736134 Card 4969Merchant Category Code: 5812",61.44,,Posted,-190.44
"XXXXXX1009-S81",6/10/2022,,"Uncollected Fee of $34.00 is Due",,.00,Posted,.00
"XXXXXX1009-S81",6/10/2022,,"Courtesy Pay-Dbt",,.00,Posted,-129.00
"XXXXXX1009-S81",6/10/2022,,"Withdrawal POS #216100472412/POS SAMS CLUB #4720 SAM'S Club AUSTIN TX Card 2675 Merchant Category Code: 5300",53.22,,Posted,-129.00
"XXXXXX1009-S81",6/10/2022,,"Uncollected Fee of $34.00 is Due",,.00,Posted,.00
"XXXXXX1009-S81",6/10/2022,,"Courtesy Pay-Dbt",,.00,Posted,-75.78
"XXXXXX1009-S81",6/10/2022,,"Withdrawal DEBIT CARD/CHICK-FIL-A #01043 SAN ANTONIO TX Date 06/08/22 24427332160710007293873 Card 4969Merchant Category Code: 5814",48.40,,Posted,-75.78
"XXXXXX1009-S81",6/9/2022,,"Uncollected Fee of $34.00 is Due",,.00,Posted,.00
"XXXXXX1009-S81",6/9/2022,,"Courtesy Pay-Dbt",,.00,Posted,-27.38
"XXXXXX1009-S81",6/9/2022,,"Withdrawal DEBIT CARD/LA MARGARITA SAN ANTONIO TX Date 06/08/22 24009582160100231404106 Card 4969Merchant Category Code: 5812",21.21,,Posted,-27.38
"XXXXXX1009-S81",6/9/2022,,"Uncollected Fee of $34.00 is Due",,.00,Posted,.00
"XXXXXX1009-S81",6/9/2022,,"Courtesy Pay-Dbt",,.00,Posted,-6.17
"XXXXXX1009-S81",6/9/2022,,"Recurring Withdrawal Bill Payment - #216025700568/BP ADOBE ACROPRO SUBS 408-536-6000 CA Card 0001 Merchant Category Code: 5734",16.23,,Posted,-6.17
"XXXXXX1009-S81",6/9/2022,,"Uncollected Fee of $34.00 is Due",,.00,Posted,.00
"XXXXXX1009-S81",6/9/2022,,"Courtesy Pay-Dbt",,.00,Posted,10.06
"XXXXXX1009-S81",6/9/2022,,"Withdrawal DEBIT CARD/H-E-B #224 SAN ANTONIO TX Date 06/08/22 24427332159740276580091 Card 4969Merchant Category Code: 5411",139.42,,Posted,10.06
"XXXXXX1009-S81",6/8/2022,,"Uncollected Fee of $34.00 is Due",,.00,Posted,.00
"XXXXXX1009-S81",6/8/2022,,"Courtesy Pay-Dbt",,.00,Posted,149.48
"XXXXXX1009-S81",6/8/2022,,"Withdrawal POS #215900738989/POS 7-ELEVEN 11643 Research Blv US TX Card 2675Merchant Category Code: 5542",75.51,,Posted,149.48
"XXXXXX1009-S81",6/8/2022,2559,"Check 2559 Tracer 819500000268001",3450.00,,Posted,224.99
"XXXXXX1009-S81",6/8/2022,,"Withdrawal Courtesy Pay fee",34.00,,Posted,3674.99
"XXXXXX1009-S81",6/8/2022,,"Withdrawal POS #215913494011/POS H-E-B #029 W LAKE HILLS TX Card 0718 Merchant Category Code: 5411",225.08,,Posted,3708.99
"XXXXXX1009-S81",6/8/2022,,"Deposit Reconciled 0000015",,.00,Posted,.00
"XXXXXX1009-S81",6/8/2022,,"Deposit Bulk/Checks 5,683.13 Check Count 3 Deposit Number 0000015",,5683.13,Posted,3934.07
"XXXXXX1009-S81",6/8/2022,2554,"Check 2554 Tracer 000000000443020",1450.00,,Posted,-1749.06
"XXXXXX1009-S81",6/8/2022,2553,"Check 2553 Tracer 000000000443027",892.50,,Posted,-299.06
"XXXXXX1009-S81",6/8/2022,,"Withdrawal DEBIT CARD/IH 35 LOTS SAN ANTONIO TX Date 06/07/22 24692162159100650874876 Card 4969Merchant Category Code: 7523",3.00,,Posted,593.44
"XXXXXX1009-S81",6/8/2022,,"Deposit/Bill.com, LLC Visa Direct CA Date 06/08/22 0 2159844306 2 5734 Card 0001Merchant Category Code: 5734",,2048.88,Posted,596.44
"XXXXXX1009-S81",6/7/2022,,"Uncollected Fee of $34.00 is Due",,.00,Posted,.00
"XXXXXX1009-S81",6/7/2022,,"UNPAIDNSF 2554/In the amount $1,450.00.",,.00,Posted,-1452.44
"XXXXXX1009-S81",6/7/2022,,"Uncollected Fee of $34.00 is Due",,.00,Posted,.00
"XXXXXX1009-S81",6/7/2022,,"UNPAIDNSF 2553/In the amount $892.50.",,.00,Posted,-1452.44
"XXXXXX1009-S81",6/7/2022,,"Uncollected Fee of $34.00 is Due",,.00,Posted,.00
"XXXXXX1009-S81",6/7/2022,,"UNPAIDNSF 2551/In the amount $3,000.00.",,.00,Posted,-1452.44
"XXXXXX1009-S81",6/7/2022,,"Uncollected Fee of $34.00 is Due",,.00,Posted,.00
"XXXXXX1009-S81",6/7/2022,,"Courtesy Pay-Ck",,.00,Posted,-1452.44
"XXXXXX1009-S81",6/7/2022,2541,"Check 2541 Tracer 819400000443028",892.50,,Posted,-1452.44
"XXXXXX1009-S81",6/7/2022,,"Uncollected Fee of $34.00 is Due",,.00,Posted,.00
"XXXXXX1009-S81",6/7/2022,,"Courtesy Pay-Dbt",,.00,Posted,-559.94
"XXXXXX1009-S81",6/7/2022,,"Withdrawal DEBIT CARD/TACO BLVD 210-9982282 TX Date 06/06/22 24000972158353302955805 Card 4969Merchant Category Code: 5812",40.25,,Posted,-559.94
"XXXXXX1009-S81",6/7/2022,,"Uncollected Fee of $34.00 is Due",,.00,Posted,.00
"XXXXXX1009-S81",6/7/2022,,"Courtesy Pay-Dbt",,.00,Posted,-519.69
"XXXXXX1009-S81",6/7/2022,,"Withdrawal DEBIT CARD/IH 35 LOTS SAN ANTONIO TX Date 06/06/22 24692162158100813353926 Card 4969Merchant Category Code: 7523",3.00,,Posted,-519.69
"XXXXXX1009-S81",6/7/2022,,"Uncollected Fee of $34.00 is Due",,.00,Posted,.00
"XXXXXX1009-S81",6/7/2022,,"Courtesy Pay-ACH",,.00,Posted,-516.69
"XXXXXX1009-S81",6/7/2022,,"Withdrawal ACH FARMERS INS EXCH/TYPE: INSPAYMENT ID: 2432215866 DATA: BILL PAYMENT CO: FARMERS INS EXCH",1005.33,,Posted,-516.69
"XXXXXX1009-S81",6/7/2022,,"Withdrawal ACH *LINCOLN NATLIFE/TYPE: PREMPAYMNT ID: 3504728231 DATA: 0018400TER CO: *LINCOLN NATLIFE",105.20,,Posted,488.64
"XXXXXX1009-S81",6/7/2022,,"Withdrawal DEBIT CARD/H-E-B GAS/CAR WASH#224 SAN ANTONIO TX Date 06/06/22 24427332157740271299004 Card 4969Merchant Category Code: 5542",73.70,,Posted,593.84
"XXXXXX1009-S81",6/7/2022,,"Uncollected Fee/Due since 06/05/22 - Overdrawn Debit",34.00,,Posted,667.54
"XXXXXX1009-S81",6/7/2022,,"Uncollected Fee/Due since 06/04/22 - Overdrawn Debit",34.00,,Posted,701.54
"XXXXXX1009-S81",6/7/2022,,"Uncollected Fee/Due since 06/04/22 - Courtesy Pay-Dbt",34.00,,Posted,735.54
"XXXXXX1009-S81",6/7/2022,,"Uncollected Fee/Due since 06/04/22 - Courtesy Pay-Dbt",34.00,,Posted,769.54
"XXXXXX1009-S81",6/7/2022,,"Uncollected Fee/Due since 06/03/22 - Courtesy Pay-Dbt",34.00,,Posted,803.54
"XXXXXX1009-S81",6/7/2022,,"Uncollected Fee/Due since 06/03/22 - Courtesy Pay-ACH",34.00,,Posted,837.54
"XXXXXX1009-S81",6/7/2022,,"Uncollected Fee/Due since 06/03/22 - Courtesy Pay-Dbt",34.00,,Posted,871.54
"XXXXXX1009-S81",6/7/2022,,"Uncollected Fee/Due since 06/03/22 - Courtesy Pay-Dbt",34.00,,Posted,905.54
"XXXXXX1009-S81",6/7/2022,,"Uncollected Fee/Due since 06/03/22 - Courtesy Pay-Dbt",34.00,,Posted,939.54
"XXXXXX1009-S81",6/7/2022,,"Uncollected Fee/Due since 06/03/22 - Courtesy Pay-Dbt",34.00,,Posted,973.54
"XXXXXX1009-S81",6/7/2022,,"Uncollected Fee/Due since 06/02/22 - UNPAIDNSF",34.00,,Posted,1007.54
"XXXXXX1009-S81",6/7/2022,,"Uncollected Fee/Due since 06/02/22 - UNPAIDNSF",34.00,,Posted,1041.54
"XXXXXX1009-S81",6/7/2022,,"Uncollected Fee/Due since 06/02/22 - Courtesy Pay-Ck",34.00,,Posted,1075.54
"XXXXXX1009-S81",6/7/2022,,"Uncollected Fee/Due since 06/02/22 - Courtesy Pay-Dbt",34.00,,Posted,1109.54
"XXXXXX1009-S81",6/7/2022,,"Uncollected Fee/Due since 06/02/22 - Courtesy Pay-Dbt",34.00,,Posted,1143.54
"XXXXXX1009-S81",6/7/2022,,"Uncollected Fee/Due since 06/02/22 - Courtesy Pay-Dbt",34.00,,Posted,1177.54
"XXXXXX1009-S81",6/7/2022,,"Uncollected Fee/Due since 06/02/22 - Courtesy Pay-Dbt",34.00,,Posted,1211.54
"XXXXXX1009-S81",6/7/2022,,"Uncollected Fee/Due since 06/02/22 - Courtesy Pay-Dbt",34.00,,Posted,1245.54
"XXXXXX1009-S81",6/7/2022,,"Uncollected Fee/Due since 06/02/22 - Courtesy Pay-Dbt",34.00,,Posted,1279.54
"XXXXXX1009-S81",6/7/2022,,"Uncollected Fee/Due since 06/01/22 - Courtesy Pay-Ck",34.00,,Posted,1313.54
"XXXXXX1009-S81",6/7/2022,,"Uncollected Fee/Due since 06/01/22 - Courtesy Pay-Dbt",34.00,,Posted,1347.54
"XXXXXX1009-S81",6/7/2022,,"Uncollected Fee/Due since 06/01/22 - Courtesy Pay-ACH",34.00,,Posted,1381.54
"XXXXXX1009-S81",6/7/2022,,"Uncollected Fee/Due since 06/01/22 - Courtesy Pay-ACH",34.00,,Posted,1415.54
"XXXXXX1009-S81",6/6/2022,2562,"Check 2562 Tracer 819300000617830",300.00,,Posted,1449.54
"XXXXXX1009-S81",6/6/2022,,"Recurring Withdrawal Bill Payment - #215710737293/BP APPLE COM BILL CUPERTINO CA Card 2272 Merchant Category Code: 4899",2.99,,Posted,1749.54
"XXXXXX1009-S81",6/6/2022,,"Withdrawal ACH INTUIT 05489605/TYPE: TRAN FEE ID: 9215986202 CO: INTUIT 05489605",125.57,,Posted,1752.53
"XXXXXX1009-S81",6/6/2022,,"Withdrawal ACH GUSTO/TYPE: BBV 961400 ID: 9138864002 DATA: 3qhk CO: GUSTO",.11,,Posted,1878.10
"XXXXXX1009-S81",6/6/2022,,"Withdrawal ACH GUSTO/TYPE: BBV 961400 ID: 9138864002 DATA: 3qhk CO: GUSTO",.10,,Posted,1878.21
"XXXXXX1009-S81",6/6/2022,,"Deposit ACH INTUIT 40459375/TYPE: DEPOSIT ID: 9215986202 CO: INTUIT 40459375",,3685.91,Posted,1878.31
"XXXXXX1009-S81",6/6/2022,,"Deposit ACH GUSTO/TYPE: BVC 961399 ID: 9138864003 DATA: 6semjmh855n CO: GUSTO",,.11,Posted,-1807.60
"XXXXXX1009-S81",6/6/2022,,"Deposit ACH GUSTO/TYPE: BVC 961399 ID: 9138864003 DATA: 6semjmh855n CO: GUSTO",,.10,Posted,-1807.71
"XXXXXX1009-S81",6/5/2022,,"Uncollected Fee of $34.00 is Due",,.00,Posted,.00
"XXXXXX1009-S81",6/5/2022,,"Overdrawn Debit",,.00,Posted,-1807.81
"XXXXXX1009-S81",6/5/2022,,"Withdrawal DEBIT CARD/RANDALLS #2485 AUSTIN TX Date 06/04/22 24231682156837001331381 Card 4969Merchant Category Code: 5411",164.57,,Posted,-1807.81
"XXXXXX1009-S81",6/4/2022,,"Uncollected Fee of $34.00 is Due",,.00,Posted,.00
"XXXXXX1009-S81",6/4/2022,,"Overdrawn Debit",,.00,Posted,-1643.24
"XXXXXX1009-S81",6/4/2022,,"Withdrawal DEBIT CARD/RANDALLS #3145 LEANDER TX Date 06/03/22 24231682155837001214216 Card 4969Merchant Category Code: 5411",32.61,,Posted,-1643.24
"XXXXXX1009-S81",6/4/2022,,"Uncollected Fee of $34.00 is Due",,.00,Posted,.00
"XXXXXX1009-S81",6/4/2022,,"Courtesy Pay-Dbt",,.00,Posted,-1610.63
"XXXXXX1009-S81",6/4/2022,,"Withdrawal DEBIT CARD/DD DOORDASH POPEYES 855-973-1040 CA Date 06/04/22 24492152155715391353703 Card 4969Merchant Category Code: 5812",20.05,,Posted,-1610.63
"XXXXXX1009-S81",6/4/2022,,"Uncollected Fee of $34.00 is Due",,.00,Posted,.00
"XXXXXX1009-S81",6/4/2022,,"Courtesy Pay-Dbt",,.00,Posted,-1590.58
"XXXXXX1009-S81",6/4/2022,,"Withdrawal DEBIT CARD/DD DOORDASH DOUBLEDAV 855-973-1040 CA Date 06/03/22 24492152154715233864462 Card 0718Merchant Category Code: 5812",41.94,,Posted,-1590.58
"XXXXXX1009-S81",6/3/2022,,"Uncollected Fee of $34.00 is Due",,.00,Posted,.00
"XXXXXX1009-S81",6/3/2022,,"Courtesy Pay-Dbt",,.00,Posted,-1548.64
"XXXXXX1009-S81",6/3/2022,,"Withdrawal DEBIT CARD/MOD PIZZA CEDAR PARK 512-548-4087 TX Date 06/03/22 24692162154100468450716 Card 4969Merchant Category Code: 5812",64.62,,Posted,-1548.64
"XXXXXX1009-S81",6/3/2022,2561,"Check 2561 Tracer 000000000417215",1350.00,,Posted,-1484.02
"XXXXXX1009-S81",6/3/2022,,"Uncollected Fee of $34.00 is Due",,.00,Posted,.00
"XXXXXX1009-S81",6/3/2022,,"Courtesy Pay-ACH",,.00,Posted,-134.02
"XXXXXX1009-S81",6/3/2022,,"Withdrawal ACH BKAMERICA/TYPE: IC PAYMENT ID: 1409936115 CO: BKAMERICA",877.05,,Posted,-134.02
"XXXXXX1009-S81",6/3/2022,,"Withdrawal ACH CAPITAL ONE/TYPE: CRCARDPMT ID: 9541719018 CO: CAPITAL ONE",200.00,,Posted,743.03
"XXXXXX1009-S81",6/3/2022,,"Withdrawal ACH INTUIT 02408575/TYPE: TRAN FEE ID: 9215986202 CO: INTUIT 02408575",58.32,,Posted,943.03
"XXXXXX1009-S81",6/3/2022,,"Withdrawal ACH AMERICAN GEN LIF/TYPE: INS PAYMT ID: 4250598210 CO: AMERICAN GEN LIF",44.54,,Posted,1001.35
"XXXXXX1009-S81",6/3/2022,,"Deposit ACH INTUIT 37199335/TYPE: DEPOSIT ID: 9215986202 CO: INTUIT 37199335",,1993.53,Posted,1045.89
"XXXXXX1009-S81",6/3/2022,,"Uncollected Fee of $34.00 is Due",,.00,Posted,.00
"XXXXXX1009-S81",6/3/2022,,"Courtesy Pay-Dbt",,.00,Posted,-947.64
"XXXXXX1009-S81",6/3/2022,,"Withdrawal DEBIT CARD/DD DOORDASH BUFFALOWI 855-973-1040 CA Date 06/03/22 24492152154715221361372 Card 4969Merchant Category Code: 5812",36.26,,Posted,-947.64
"XXXXXX1009-S81",6/3/2022,,"Uncollected Fee of $34.00 is Due",,.00,Posted,.00
"XXXXXX1009-S81",6/3/2022,,"Courtesy Pay-Dbt",,.00,Posted,-911.38
"XXXXXX1009-S81",6/3/2022,,"Withdrawal DEBIT CARD/LOTUS HUNAN AUSTIN TX Date 06/02/22 24801972154091154000784 Card 0718Merchant Category Code: 5814",71.85,,Posted,-911.38
"XXXXXX1009-S81",6/3/2022,,"Uncollected Fee of $34.00 is Due",,.00,Posted,.00
"XXXXXX1009-S81",6/3/2022,,"Courtesy Pay-Dbt",,.00,Posted,-839.53
"XXXXXX1009-S81",6/3/2022,,"Withdrawal DEBIT CARD/THE CROMEENS LAW FIRM HOUSTON TX Date 06/02/22 24559302153900013581484 Card 2272Merchant Category Code: 8111",395.00,,Posted,-839.53
"XXXXXX1009-S81",6/3/2022,,"Uncollected Fee of $34.00 is Due",,.00,Posted,.00
"XXXXXX1009-S81",6/3/2022,,"Courtesy Pay-Dbt",,.00,Posted,-444.53
"XXXXXX1009-S81",6/3/2022,,"Withdrawal DEBIT CARD/PRO SERVE ENTERPRISE AUSTIN TX Date 06/01/22 24251382153030051872984 Card 2675Merchant Category Code: 2842",147.84,,Posted,-444.53
"XXXXXX1009-S81",6/2/2022,,"Uncollected Fee of $34.00 is Due",,.00,Posted,.00
"XXXXXX1009-S81",6/2/2022,,"UNPAIDNSF 2561/In the amount $1,350.00.",,.00,Posted,-296.69
"XXXXXX1009-S81",6/2/2022,,"Uncollected Fee of $34.00 is Due",,.00,Posted,.00
"XXXXXX1009-S81",6/2/2022,,"UNPAIDNSF 2555/In the amount $2,800.00.",,.00,Posted,-296.69
"XXXXXX1009-S81",6/2/2022,,"Uncollected Fee of $34.00 is Due",,.00,Posted,.00
"XXXXXX1009-S81",6/2/2022,,"Courtesy Pay-Ck",,.00,Posted,-296.69
"XXXXXX1009-S81",6/2/2022,2552,"Check 2552 Tracer 818900000417213",1280.00,,Posted,-296.69
"XXXXXX1009-S81",6/2/2022,2558,"Check 2558 Tracer 818900000474993",2400.00,,Posted,983.31
"XXXXXX1009-S81",6/2/2022,,"Deposit Reconciled 0000040",,.00,Posted,.00
"XXXXXX1009-S81",6/2/2022,,"Deposit Bulk/Checks 3,031.00 Check Count 4 Deposit Number 0000040",,3031.00,Posted,3383.31
"XXXXXX1009-S81",6/2/2022,,"Withdrawal Courtesy Pay-ACH",34.00,,Posted,352.31
"XXXXXX1009-S81",6/2/2022,,"Withdrawal ACH MDVIP, INC/TYPE: 8778861411 ID: 0009122507 DATA: 2722103908346 CO: MDVIP, INC NAME: Martha Hernandez",450.00,,Posted,386.31
"XXXXXX1009-S81",6/2/2022,,"Withdrawal ACH 18004INTUIT/TYPE: CHECKS / F ID: 0000756346 DATA: 800-446-8848 CO: 18004INTUIT NAME: MARTHA HERNANDEZ",205.65,,Posted,836.31
"XXXXXX1009-S81",6/2/2022,,"Withdrawal ACH INTUIT 82026085/TYPE: TRAN FEE ID: 9215986202 CO: INTUIT 82026085",35.03,,Posted,1041.96
"XXXXXX1009-S81",6/2/2022,,"Deposit ACH INTUIT 18635695/TYPE: DEPOSIT ID: 9215986202 CO: INTUIT 18635695",,1190.75,Posted,1076.99
"XXXXXX1009-S81",6/2/2022,,"Deposit ACH Ternion Growth P/TYPE: SIGONFILE ID: 9000830338 DATA: 805-680-2004 CO: Ternion Growth P",,757.75,Posted,-113.76
"XXXXXX1009-S81",6/2/2022,,"Deposit ACH Ternion Growth P/TYPE: SIGONFILE ID: 9000830338 DATA: 805-680-2004 CO: Ternion Growth P",,476.30,Posted,-871.51
"XXXXXX1009-S81",6/2/2022,,"Deposit ACH Ternion Growth P/TYPE: SIGONFILE ID: 9000830338 DATA: 805-680-2004 CO: Ternion Growth P",,476.30,Posted,-1347.81
"XXXXXX1009-S81",6/2/2022,,"Uncollected Fee of $34.00 is Due",,.00,Posted,.00
"XXXXXX1009-S81",6/2/2022,,"Courtesy Pay-Dbt",,.00,Posted,-1824.11
"XXXXXX1009-S81",6/2/2022,,"Withdrawal DEBIT CARD/H-E-B #265 CEDAR PARK TX Date 06/01/22 24427332152740277615372 Card 4969Merchant Category Code: 5411",100.00,,Posted,-1824.11
"XXXXXX1009-S81",6/2/2022,,"Uncollected Fee of $34.00 is Due",,.00,Posted,.00
"XXXXXX1009-S81",6/2/2022,,"Courtesy Pay-Dbt",,.00,Posted,-1724.11
"XXXXXX1009-S81",6/2/2022,,"Withdrawal DEBIT CARD/AT&amp;T 10367 H25M CEDAR PARK TX Date 06/01/22 24055232153812925677151 Card 4969Merchant Category Code: 4812",182.77,,Posted,-1724.11
"XXXXXX1009-S81",6/2/2022,,"Uncollected Fee of $34.00 is Due",,.00,Posted,.00
"XXXXXX1009-S81",6/2/2022,,"Courtesy Pay-Dbt",,.00,Posted,-1541.34
"XXXXXX1009-S81",6/2/2022,,"Withdrawal DEBIT CARD/AT&amp;T 10367 H25M CEDAR PARK TX Date 06/01/22 24055232153812925676542 Card 4969Merchant Category Code: 4812",139.83,,Posted,-1541.34
"XXXXXX1009-S81",6/2/2022,,"Uncollected Fee of $34.00 is Due",,.00,Posted,.00
"XXXXXX1009-S81",6/2/2022,,"Courtesy Pay-Dbt",,.00,Posted,-1401.51
"XXXXXX1009-S81",6/2/2022,,"Withdrawal DEBIT CARD/AT&amp;T 10367 H25M CEDAR PARK TX Date 06/01/22 24055232153812925676674 Card 4969Merchant Category Code: 4812",82.50,,Posted,-1401.51
"XXXXXX1009-S81",6/2/2022,,"Uncollected Fee of $34.00 is Due",,.00,Posted,.00
"XXXXXX1009-S81",6/2/2022,,"Courtesy Pay-Dbt",,.00,Posted,-1319.01
"XXXXXX1009-S81",6/2/2022,,"Withdrawal DEBIT CARD/AT&amp;T 10367 H25M CEDAR PARK TX Date 06/01/22 24055232153812925676815 Card 4969Merchant Category Code: 4812",199.83,,Posted,-1319.01
"XXXXXX1009-S81",6/2/2022,,"Uncollected Fee of $34.00 is Due",,.00,Posted,.00
"XXXXXX1009-S81",6/2/2022,,"Courtesy Pay-Dbt",,.00,Posted,-1119.18
"XXXXXX1009-S81",6/2/2022,,"Withdrawal DEBIT CARD/LOC CITIZENS*310299253 401-2825259 CT Date 06/01/22 24638572152016037264355 Card 4969Merchant Category Code: 6012",63.76,,Posted,-1119.18
"XXXXXX1009-S81",6/1/2022,,"Uncollected Fee of $34.00 is Due",,.00,Posted,.00
"XXXXXX1009-S81",6/1/2022,,"Courtesy Pay-Ck",,.00,Posted,-1055.42
"XXXXXX1009-S81",6/1/2022,2549,"Check 2549 Tracer 818800000449978",1000.00,,Posted,-1055.42
"XXXXXX1009-S81",6/1/2022,,"Uncollected Fee of $34.00 is Due",,.00,Posted,.00
"XXXXXX1009-S81",6/1/2022,,"Courtesy Pay-Dbt",,.00,Posted,-55.42
"XXXXXX1009-S81",6/1/2022,,"Withdrawal POS #215212222279/POS CHEVRON/HANDI PLUS - AU AUSTIN TX Card 2675 Merchant Category Code: 5541",6.70,,Posted,-55.42
"XXXXXX1009-S81",6/1/2022,,"Uncollected Fee of $34.00 is Due",,.00,Posted,.00
"XXXXXX1009-S81",6/1/2022,,"Courtesy Pay-ACH",,.00,Posted,-48.72
"XXXXXX1009-S81",6/1/2022,,"Withdrawal ACH Financial Pacifi/TYPE: LEASE PYMT ID: 9118771358 CO: Financial Pacifi",524.83,,Posted,-48.72
"XXXXXX1009-S81",6/1/2022,,"Uncollected Fee of $34.00 is Due",,.00,Posted,.00
"XXXXXX1009-S81",6/1/2022,,"Courtesy Pay-ACH",,.00,Posted,476.11
"XXXXXX1009-S81",6/1/2022,,"Withdrawal ACH NAVIENT/TYPE: NAVI DEBIT ID: 3520974271 DATA: LSC/F ------ CO: NAVIENT",204.90,,Posted,476.11
"XXXXXX1009-S81",6/1/2022,,"Withdrawal POS #215287587000/POS 7-ELEVEN 36630 7844 BURNET RD AUSTIN TX Card 2675Merchant Category Code: 5542",69.07,,Posted,681.01
"XXXXXX1009-S81",6/1/2022,,"Recurring Withdrawal Bill Payment - #215129100229/BP HP *INSTANT INK 855-785-2777 CA Card 0001 Merchant Category Code: 5111",27.05,,Posted,750.08
"XXXXXX1009-S81",6/1/2022,,"Uncollected Fee/Due since 05/31/22 - Overdrawn ACH",34.00,,Posted,777.13
"XXXXXX1009-S81",6/1/2022,,"Uncollected Fee/Due since 05/31/22 - Overdrawn ACH",34.00,,Posted,811.13
"XXXXXX1009-S81",6/1/2022,,"Uncollected Fee/Due since 05/31/22 - Overdrawn ACH",34.00,,Posted,845.13
"XXXXXX1009-S81",6/1/2022,,"Uncollected Fee/Due since 05/31/22 - Courtesy Pay-ACH",34.00,,Posted,879.13
"XXXXXX1009-S81",6/1/2022,,"Uncollected Fee/Due since 05/28/22 - Courtesy Pay-Dbt",34.00,,Posted,913.13
"XXXXXX1009-S81",6/1/2022,,"Uncollected Fee/Due since 05/28/22 - Overdrawn Debit",34.00,,Posted,947.13
"XXXXXX1009-S81",6/1/2022,,"Uncollected Fee/Due since 05/27/22 - Overdrawn Debit",34.00,,Posted,981.13
"XXXXXX1009-S81",6/1/2022,,"Uncollected Fee/Due since 05/27/22 - Overdrawn ACH",34.00,,Posted,1015.13
"XXXXXX1009-S81",6/1/2022,,"Uncollected Fee/Due since 05/27/22 - Courtesy Pay-ACH",34.00,,Posted,1049.13
"XXXXXX1009-S81",6/1/2022,,"Uncollected Fee/Due since 05/27/22 - Courtesy Pay-Dbt",34.00,,Posted,1083.13
"XXXXXX1009-S81",6/1/2022,,"Uncollected Fee/Due since 05/27/22 - Courtesy Pay-Dbt",34.00,,Posted,1117.13
"XXXXXX1009-S81",6/1/2022,,"Uncollected Fee/Due since 05/26/22 - UNPAIDNSF",34.00,,Posted,1151.13
"XXXXXX1009-S81",6/1/2022,,"Uncollected Fee/Due since 05/26/22 - Courtesy Pay-Dbt",34.00,,Posted,1185.13
"XXXXXX1009-S81",6/1/2022,,"Uncollected Fee/Due since 05/26/22 - Courtesy Pay-Dbt",34.00,,Posted,1219.13
"XXXXXX1009-S81",6/1/2022,,"Uncollected Fee/Due since 05/26/22 - Courtesy Pay-Dbt",34.00,,Posted,1253.13
"XXXXXX1009-S81",6/1/2022,,"Uncollected Fee/Due since 05/25/22 - Courtesy Pay-Ck",34.00,,Posted,1287.13
"XXXXXX1009-S81",5/31/2022,,"Withdrawal TRANSACTION FEES",45.50,,Posted,1321.13
"XXXXXX1009-S81",5/31/2022,,"Withdrawal LOW BALANCE FEE",6.00,,Posted,1366.63
"XXXXXX1009-S81",5/31/2022,,"Withdrawal POS #215118617586/POS MURPHY6745ATWALMART CEDAR PARK TX Card 4969 Merchant Category Code: 5542",86.02,,Posted,1372.63
"XXXXXX1009-S81",5/31/2022,,"Withdrawal ACH ATT/TYPE: RETRY PYMT ID: 9864031004 CO: ATT",789.34,,Posted,1458.65
"XXXXXX1009-S81",5/31/2022,,"Withdrawal ACH ALLY/TYPE: ALLY PAYMT ID: 9833122002 CO: ALLY",509.98,,Posted,2247.99
"XXXXXX1009-S81",5/31/2022,,"Withdrawal ACH BCBS HEALTH HPS/TYPE: 8007928595 ID: 1361236610 CO: BCBS HEALTH HPS",498.66,,Posted,2757.97
"XXXXXX1009-S81",5/31/2022,,"Deposit Reconciled 0000032",,.00,Posted,.00
"XXXXXX1009-S81",5/31/2022,,"Deposit Bulk/Checks 5,144.04 Check Count 1 Deposit Number 0000032",,5144.04,Posted,3256.63
"XXXXXX1009-S81",5/31/2022,,"Uncollected Fee of $34.00 is Due",,.00,Posted,.00
"XXXXXX1009-S81",5/31/2022,,"Overdrawn ACH/ATT",,.00,Posted,-1887.41
"XXXXXX1009-S81",5/31/2022,,"Uncollected Fee of $34.00 is Due",,.00,Posted,.00
"XXXXXX1009-S81",5/31/2022,,"Overdrawn ACH/ALLY",,.00,Posted,-1887.41
"XXXXXX1009-S81",5/31/2022,,"Uncollected Fee of $34.00 is Due",,.00,Posted,.00
"XXXXXX1009-S81",5/31/2022,,"Overdrawn ACH/BCBS HEALTH HPS",,.00,Posted,-1887.41
"XXXXXX1009-S81",5/31/2022,,"Uncollected Fee of $34.00 is Due",,.00,Posted,.00
"XXXXXX1009-S81",5/31/2022,,"Courtesy Pay-ACH",,.00,Posted,-1887.41
"XXXXXX1009-S81",5/31/2022,,"Withdrawal ACH ATMOS ENERGY RCR/TYPE: UTIL PYMT ID: 9000000091 CO: ATMOS ENERGY RCR NAME: MARTHA HERNANDEZ",30.11,,Posted,-1887.41
"XXXXXX1009-S81",5/28/2022,,"Uncollected Fee of $34.00 is Due",,.00,Posted,.00
"XXXXXX1009-S81",5/28/2022,,"Courtesy Pay-Dbt",,.00,Posted,-1857.30
"XXXXXX1009-S81",5/28/2022,,"Recurring Withdrawal Bill Payment - #214816901661/BP APPLE COM BILL CUPERTINO CA Card 2272 Merchant Category Code: 4899",14.06,,Posted,-1857.30
"XXXXXX1009-S81",5/28/2022,,"Deposit Reconciled 0000020",,.00,Posted,.00
"XXXXXX1009-S81",5/28/2022,,"Deposit Bulk/Checks 378.88 Check Count 1 Deposit Number 0000020",,378.88,Posted,-1843.24
"XXXXXX1009-S81",5/28/2022,,"Uncollected Fee of $34.00 is Due",,.00,Posted,.00
"XXXXXX1009-S81",5/28/2022,,"Overdrawn Debit",,.00,Posted,-2222.12
"XXXXXX1009-S81",5/28/2022,,"Withdrawal Bill Payment #214827026832/BP FORTIVA 855-802-5572 GA Card 4969 Merchant Category Code: 6051",43.85,,Posted,-2222.12
"XXXXXX1009-S81",5/27/2022,,"Uncollected Fee of $34.00 is Due",,.00,Posted,.00
"XXXXXX1009-S81",5/27/2022,,"Overdrawn Debit",,.00,Posted,-2178.27
"XXXXXX1009-S81",5/27/2022,,"Withdrawal DEBIT CARD/DD DOORDASH WINGSTOP 855-973-1040 CA Date 05/27/22 24492152147719359624171 Card 4969Merchant Category Code: 5812",46.29,,Posted,-2178.27
"XXXXXX1009-S81",5/27/2022,,"Uncollected Fee of $34.00 is Due",,.00,Posted,.00
"XXXXXX1009-S81",5/27/2022,,"Overdrawn ACH/ATT",,.00,Posted,-2131.98
"XXXXXX1009-S81",5/27/2022,,"Uncollected Fee of $34.00 is Due",,.00,Posted,.00
"XXXXXX1009-S81",5/27/2022,,"Courtesy Pay-ACH",,.00,Posted,-2131.98
"XXXXXX1009-S81",5/27/2022,,"Withdrawal ACH ADP PAYROLL FEES/TYPE: ADP - FEES ID: 9659605001 DATA: OT CO: ADP PAYROLL FEES",149.79,,Posted,-2131.98
"XXXXXX1009-S81",5/27/2022,,"Deposit ACH Texas Windstrom/TYPE: PAYABLES ID: 2746189303 DATA: DYNAMICS EFT DEPOSIT CO: Texas Windstrom",,70.00,Posted,-1982.19
"XXXXXX1009-S81",5/27/2022,,"Uncollected Fee of $34.00 is Due",,.00,Posted,.00
"XXXXXX1009-S81",5/27/2022,,"Courtesy Pay-Dbt",,.00,Posted,-2052.19
"XXXXXX1009-S81",5/27/2022,,"Withdrawal DEBIT CARD/CCS FARMERS INSURANCE GRP 800-9985000 TX Date 05/26/22 24447722146900018108270 Card 2272Merchant Category Code: 8931",94.80,,Posted,-2052.19
"XXXXXX1009-S81",5/27/2022,,"Uncollected Fee of $34.00 is Due",,.00,Posted,.00
"XXXXXX1009-S81",5/27/2022,,"Courtesy Pay-Dbt",,.00,Posted,-1957.39
"XXXXXX1009-S81",5/27/2022,,"Withdrawal DEBIT CARD/JIFFY LUBE 2476 AUSTIN TX Date 05/26/22 24231682146837000455572 Card 2675Merchant Category Code: 7538",89.14,,Posted,-1957.39
"XXXXXX1009-S81",5/26/2022,,"Uncollected Fee of $34.00 is Due",,.00,Posted,.00
"XXXXXX1009-S81",5/26/2022,,"UNPAIDNSF 2547/In the amount $500.00.",,.00,Posted,-1868.25
"XXXXXX1009-S81",5/26/2022,,"Uncollected Fee of $34.00 is Due",,.00,Posted,.00
"XXXXXX1009-S81",5/26/2022,,"Courtesy Pay-Dbt",,.00,Posted,-1868.25
"XXXXXX1009-S81",5/26/2022,,"Withdrawal DEBIT CARD/DD DOORDASH MR.GATTIS 855-973-1040 CA Date 05/26/22 24492152146713225445649 Card 0718Merchant Category Code: 5812",42.95,,Posted,-1868.25
"XXXXXX1009-S81",5/26/2022,,"Uncollected Fee of $34.00 is Due",,.00,Posted,.00
"XXXXXX1009-S81",5/26/2022,,"Courtesy Pay-Dbt",,.00,Posted,-1825.30
"XXXXXX1009-S81",5/26/2022,,"Withdrawal DEBIT CARD/QT 4143 CEDAR PARK TX Date 05/25/22 24692162146100852647472 Card 4969Merchant Category Code: 5541",25.30,,Posted,-1825.30
"XXXXXX1009-S81",5/26/2022,,"Uncollected Fee of $34.00 is Due",,.00,Posted,.00
"XXXXXX1009-S81",5/26/2022,,"Courtesy Pay-Dbt",,.00,Posted,-1800.00
"XXXXXX1009-S81",5/26/2022,,"Withdrawal POS #214684945001/POS NST THE HOME DEPOT 002992 1200 HOME DEPOT BLVD SUNSET VALLEY TX Card 2675Merchant Category Code: 5200",9.68,,Posted,-1800.00
"XXXXXX1009-S81",5/25/2022,,"Uncollected Fee of $34.00 is Due",,.00,Posted,.00
"XXXXXX1009-S81",5/25/2022,,"Courtesy Pay-Ck",,.00,Posted,-1790.32
"XXXXXX1009-S81",5/25/2022,2548,"Check 2548 Tracer 818100000306912",2842.13,,Posted,-1790.32
"XXXXXX1009-S81",5/25/2022,2546,"Check 2546 Tracer 818100000307070",240.00,,Posted,1051.81
"XXXXXX1009-S81",5/25/2022,,"Withdrawal DEBIT CARD/SQ *LONGHORN TRAILERS &amp; E Austin TX Date 05/25/22 24692162145100068379705 Card 2675Merchant Category Code: 7513",45.00,,Posted,1291.81
"XXXXXX1009-S81",5/25/2022,,"Withdrawal DEBIT CARD/TEXAS ROADHOUSE #2322 HOLLYWOOD PAR TX Date 05/25/22 24231682145837000755196 Card 0718Merchant Category Code: 5812",63.30,,Posted,1336.81
"XXXXXX1009-S81",5/25/2022,,"Withdrawal POS #214514395536/POS SHELL SERVICE STATION AUSTIN TX Card 0001 Merchant Category Code: 5541",55.61,,Posted,1400.11
"XXXXXX1009-S81",5/25/2022,,"Withdrawal at ATM #214516051300/ATM M212113 1801 EAST WHITESTONE BL PARK TX Card 4969Merchant Category Code: 6011",100.00,,Posted,1455.72
"XXXXXX1009-S81",5/25/2022,,"Withdrawal POS #214510819695/POS BUC-EE'S #22 2760 IH 35 N NEW BRAUNFELS TX Card 0718Merchant Category Code: 5542",29.14,,Posted,1555.72
"XXXXXX1009-S81",5/25/2022,,"Withdrawal DEBIT CARD/VIVINT INC/US 800-216-5232 UT Date 05/25/22 24430992145083739976538 Card 4969Merchant Category Code: 7393",61.13,,Posted,1584.86
"XXXXXX1009-S81",5/25/2022,,"Withdrawal DEBIT CARD/JIMMY JOHNS - 1810 CEDAR PARK TX Date 05/24/22 24269792145000974551339 Card 4969Merchant Category Code: 5814",9.39,,Posted,1645.99
"XXXXXX1009-S81",5/25/2022,,"Withdrawal DEBIT CARD/DISCOUNT TIRE TXA 21 LEANDER TX Date 05/24/22 24445002145000728618674 Card 4969Merchant Category Code: 5532",99.14,,Posted,1655.38
"XXXXXX1009-S81",5/24/2022,,"Withdrawal POS #214500755217/POS WALGREENS STORE 905 CRYST LEANDER TX Card 4969 Merchant Category Code: 5912",8.10,,Posted,1754.52
"XXXXXX1009-S81",5/24/2022,2522,"Check 2522 Tracer 818000000505550",850.00,,Posted,1762.62
"XXXXXX1009-S81",5/24/2022,,"Withdrawal POS #214418229848/POS COSTCO WHSE #0693 SAN ANTONIO TX Card 0718 Merchant Category Code: 5300",57.77,,Posted,2612.62
"XXXXXX1009-S81",5/24/2022,,"Withdrawal POS #214400082003/POS TARGET T-2342 1101 C-Bar Ranch Trl Cedar Park TX Card 0001Merchant Category Code: 5411",271.93,,Posted,2670.39
"XXXXXX1009-S81",5/24/2022,,"Withdrawal DEBIT CARD/SQ *SANA VIDA WELLNESS CE gosq.com TX Date 05/24/22 24692162144100290017223 Card 4969Merchant Category Code: 8011",149.00,,Posted,2942.32
"XXXXXX1009-S81",5/24/2022,,"Withdrawal POS #214416143841/POS H-E-B #265 CEDAR PARK TX Card 4969 Merchant Category Code: 5411",143.33,,Posted,3091.32
"XXXXXX1009-S81",5/24/2022,,"Withdrawal DEBIT CARD/VIVINT INC/US 800-216-5232 UT Date 05/24/22 24430992144083756494499 Card 4969Merchant Category Code: 7393",39.48,,Posted,3234.65
"XXXXXX1009-S81",5/24/2022,,"Withdrawal POS #214475222601/POS NST THE HOME DEPOT 000721 1200 HOME DEPOT BLVD SUNSET VALLEY TX Card 2675Merchant Category Code: 5200",269.54,,Posted,3274.13
"XXXXXX1009-S81",5/24/2022,,"Withdrawal POS #214411135565/POS H-E-B GAS/CARWASH #265 CEDAR PARK TX Card 4969 Merchant Category Code: 5542",66.40,,Posted,3543.67
"XXXXXX1009-S81",5/24/2022,,"Withdrawal ACH AMEX EPAYMENT/TYPE: ACH PMT ID: 0005000008 DATA: ER AM CO: AMEX EPAYMENT",2133.97,,Posted,3610.07
"XXXXXX1009-S81",5/24/2022,,"Withdrawal ACH AMEX EPAYMENT/TYPE: ACH PMT ID: 0005000008 DATA: ER AM CO: AMEX EPAYMENT",2000.00,,Posted,5744.04
"XXXXXX1009-S81",5/24/2022,,"Withdrawal ACH AMEX EPAYMENT/TYPE: ACH PMT ID: 0005000008 DATA: ER AM CO: AMEX EPAYMENT",1700.00,,Posted,7744.04
"XXXXXX1009-S81",5/24/2022,,"Withdrawal ACH DISCOVER BANK/TYPE: PREARRANGE ID: 6510020271 DATA: DC FINOUT DPLSVCPAY CO: DISCOVER BANK",656.20,,Posted,9444.04
"XXXXXX1009-S81",5/24/2022,,"Withdrawal POS #214414139600/POS 7-ELEVEN 36630 7844 BURNET RD AUSTIN TX Card 2675Merchant Category Code: 5542",68.32,,Posted,10100.24
"XXXXXX1009-S81",5/24/2022,,"Withdrawal DEBIT CARD/H-E-B #265 CEDAR PARK TX Date 05/23/22 24427332143740274303057 Card 4969Merchant Category Code: 5411",175.56,,Posted,10168.56
"XXXXXX1009-S81",5/24/2022,,"Withdrawal DEBIT CARD/CITY OF CEDAR PARK 512-4015000 TX Date 05/23/22 24755422143641433960202 Card 0001Merchant Category Code: 4900",141.05,,Posted,10344.12
"XXXXXX1009-S81",5/24/2022,,"Withdrawal DEBIT CARD/EL RINCONCITO SALVADORENO AUSTIN TX Date 05/22/22 24036282143017012651364 Card 2272Merchant Category Code: 5814",63.58,,Posted,10485.17
"XXXXXX1009-S81",5/23/2022,2545,"Check 2545 Tracer 817900000413739",1442.50,,Posted,10548.75
"XXXXXX1009-S81",5/23/2022,2543,"Check 2543 Tracer 817900000413740",3000.00,,Posted,11991.25
"XXXXXX1009-S81",5/23/2022,2540,"Check 2540 Tracer 817900000415188",1100.00,,Posted,14991.25
"XXXXXX1009-S81",5/23/2022,,"Withdrawal POS #214352788200/POS FUEL MAXX # 17 52450 HWY 290 TX Card 2272Merchant Category Code: 5541",3.98,,Posted,16091.25
"XXXXXX1009-S81",5/23/2022,,"Withdrawal Cash",500.00,,Posted,16095.23
"XXXXXX1009-S81",5/23/2022,,"Withdrawal POS #214300441195/POS 7-ELEVEN 6111 Bee Cave Rd US Austin Card 0718 Merchant Category Code: 5542",80.66,,Posted,16595.23
"XXXXXX1009-S81",5/23/2022,,"Withdrawal DEBIT CARD/RAISING CANE'S #115 CEDAR PARK TX Date 05/22/22 24231682143698164095981 Card 4969Merchant Category Code: 5814",10.91,,Posted,16675.89
"XXXXXX1009-S81",5/23/2022,,"Deposit Reconciled 0000082",,.00,Posted,.00
"XXXXXX1009-S81",5/23/2022,,"Deposit Bulk/Checks 3,680.50 Check Count 1 Deposit Number 0000082",,3680.50,Posted,16686.80
"XXXXXX1009-S81",5/23/2022,,"Withdrawal POS #000000DGIQPT/POS AMAZON.COM*1R9133EX2 SEATTLE WA Card 4969 Merchant Category Code: 4816",128.81,,Posted,13006.30
"XXXXXX1009-S81",5/23/2022,,"Withdrawal DEBIT CARD/SHORT STOP #7 CEDAR PARK TX Date 05/22/22 24137462143100235709213 Card 4969Merchant Category Code: 5814",25.03,,Posted,13135.11
"XXXXXX1009-S81",5/23/2022,,"Withdrawal Bill Payment #214320100187/BP CULLIGAN/ULTRAPURE WAT 507-200-0820 Card 2272 Merchant Category Code: 4900",97.32,,Posted,13160.14
"XXXXXX1009-S81",5/23/2022,,"Deposit Reconciled 0000041",,.00,Posted,.00
"XXXXXX1009-S81",5/23/2022,,"Deposit Bulk/Checks 2,392.70 Check Count 2 Deposit Number 0000041",,2392.70,Posted,13257.46
"XXXXXX1009-S81",5/23/2022,,"Withdrawal POS #214306419000/POS 7-ELEVEN 36589 10207 LAKE CREEK AUSTIN TX Card 2675Merchant Category Code: 5542",125.00,,Posted,10864.76
"XXXXXX1009-S81",5/23/2022,,"Withdrawal POS #214309289438/POS RANDALLS #3145 LEANDER TX Card 4969 Merchant Category Code: 5411",116.70,,Posted,10989.76
"XXXXXX1009-S81",5/23/2022,,"Withdrawal DEBIT CARD/H-E-B #465 AUSTIN TX Date 05/22/22 24427332142740271581615 Card 2272Merchant Category Code: 5411",41.85,,Posted,11106.46
"XXXXXX1009-S81",5/22/2022,,"Withdrawal DEBIT CARD/DOORDASH*EINSTEIN BROS WWW.DOORDASH. CA Date 05/22/22 24011342142000048794392 Card 4969Merchant Category Code: 5812",31.13,,Posted,11148.31
"XXXXXX1009-S81",5/22/2022,,"Withdrawal DEBIT CARD/SHELL OIL 57541467106 AUSTIN TX Date 05/21/22 24316052142548174823895 Card 2272Merchant Category Code: 5542",63.49,,Posted,11179.44
"XXXXXX1009-S81",5/22/2022,,"Withdrawal DEBIT CARD/TST* ESTANCIA BRAZILIAN S AUSTIN TX Date 05/22/22 24137462142500686146222 Card 2272Merchant Category Code: 5812",791.77,,Posted,11242.93
"XXXXXX1009-S81",5/22/2022,,"Uncollected Fee/Due since 05/21/22 - Courtesy Pay-Dbt",34.00,,Posted,12034.70
"XXXXXX1009-S81",5/22/2022,,"Uncollected Fee/Due since 05/21/22 - Courtesy Pay-Dbt",34.00,,Posted,12068.70
"XXXXXX1009-S81",5/22/2022,,"Uncollected Fee/Due since 05/21/22 - Courtesy Pay-Dbt",34.00,,Posted,12102.70
"XXXXXX1009-S81",5/22/2022,,"Uncollected Fee/Due since 05/20/22 - Courtesy Pay-Dbt",34.00,,Posted,12136.70
"XXXXXX1009-S81",5/22/2022,,"Uncollected Fee/Due since 05/20/22 - Courtesy Pay-Dbt",34.00,,Posted,12170.70
"XXXXXX1009-S81",5/22/2022,,"Uncollected Fee/Due since 05/20/22 - Courtesy Pay-Dbt",34.00,,Posted,12204.70
"XXXXXX1009-S81",5/22/2022,,"Uncollected Fee/Due since 05/20/22 - Courtesy Pay-Dbt",34.00,,Posted,12238.70
"XXXXXX1009-S81",5/22/2022,,"Uncollected Fee/Due since 05/20/22 - Courtesy Pay-Dbt",34.00,,Posted,12272.70
"XXXXXX1009-S81",5/22/2022,,"Uncollected Fee/Due since 05/20/22 - Courtesy Pay-Dbt",34.00,,Posted,12306.70
"XXXXXX1009-S81",5/22/2022,,"Uncollected Fee/Due since 05/20/22 - Courtesy Pay-Dbt",34.00,,Posted,12340.70
"XXXXXX1009-S81",5/22/2022,,"Uncollected Fee/Due since 05/20/22 - Courtesy Pay-Dbt",34.00,,Posted,12374.70
"XXXXXX1009-S81",5/22/2022,,"Uncollected Fee/Due since 05/20/22 - Courtesy Pay-Dbt",34.00,,Posted,12408.70
"XXXXXX1009-S81",5/22/2022,,"Uncollected Fee/Due since 05/20/22 - Courtesy Pay-Dbt",34.00,,Posted,12442.70
"XXXXXX1009-S81",5/22/2022,,"Uncollected Fee/Due since 05/20/22 - Courtesy Pay-Dbt",34.00,,Posted,12476.70
"XXXXXX1009-S81",5/22/2022,,"Uncollected Fee/Due since 05/20/22 - Courtesy Pay-Dbt",34.00,,Posted,12510.70
"XXXXXX1009-S81",5/22/2022,,"Uncollected Fee/Due since 05/20/22 - Courtesy Pay-Dbt",34.00,,Posted,12544.70
"XXXXXX1009-S81",5/22/2022,,"Uncollected Fee/Due since 05/20/22 - Courtesy Pay-Dbt",34.00,,Posted,12578.70
"XXXXXX1009-S81",5/22/2022,,"Uncollected Fee/Due since 05/20/22 - Courtesy Pay-Dbt",34.00,,Posted,12612.70
"XXXXXX1009-S81",5/22/2022,,"Uncollected Fee/Due since 05/20/22 - Courtesy Pay-Dbt",34.00,,Posted,12646.70
"XXXXXX1009-S81",5/22/2022,,"Uncollected Fee/Due since 05/19/22 - Courtesy Pay-Ck",34.00,,Posted,12680.70
"XXXXXX1009-S81",5/21/2022,,"Withdrawal ATM Fee/ATM ALI00736 1405 W WHITESTONE BLVD PARK TX Card 2272Merchant Category Code: 6011",1.00,,Posted,12714.70
"XXXXXX1009-S81",5/21/2022,,"Withdrawal at ATM #214123953533/ATM ALI00736 1405 W WHITESTONE BLVD PARK TX Card 2272Merchant Category Code: 6011",42.00,,Posted,12715.70
"XXXXXX1009-S81",5/21/2022,,"Withdrawal POS #214119273309/POS SHELL SERVICE STATION CEDAR PARK TX Card 2272 Merchant Category Code: 5541",41.10,,Posted,12757.70
"XXXXXX1009-S81",5/21/2022,,"Withdrawal POS #214112958925/POS RANDALLS #3145 LEANDER TX Card 4969 Merchant Category Code: 5411",126.07,,Posted,12798.80
"XXXXXX1009-S81",5/21/2022,,"Deposit Reconciled 0000005",,.00,Posted,.00
"XXXXXX1009-S81",5/21/2022,,"Withdrawal POS #214110646434/POS SHELL SERVICE STATION CEDAR PARK TX Card 2272 Merchant Category Code: 5542",31.78,,Posted,12924.87
"XXXXXX1009-S81",5/21/2022,,"Withdrawal by Check/Check 05 496415 Disbursed 1,000.00",1003.00,,Posted,12956.65
"XXXXXX1009-S81",5/21/2022,,"Withdrawal Cash",1000.00,,Posted,13959.65
"XXXXXX1009-S81",5/21/2022,,"Deposit Bulk/Checks 16,020.03 Check Count 1 Deposit Number 0000005",,16020.03,Posted,14959.65
"XXXXXX1009-S81",5/21/2022,,"Uncollected Fee of $34.00 is Due",,.00,Posted,.00
"XXXXXX1009-S81",5/21/2022,,"Courtesy Pay-Dbt",,.00,Posted,-1060.38
"XXXXXX1009-S81",5/21/2022,,"Withdrawal DEBIT CARD/DOORDASH*BLAZE PIZZA WWW.DOORDASH. CA Date 05/21/22 24011342141000036061300 Card 4969Merchant Category Code: 5812",52.30,,Posted,-1060.38
"XXXXXX1009-S81",5/21/2022,,"Uncollected Fee of $34.00 is Due",,.00,Posted,.00
"XXXXXX1009-S81",5/21/2022,,"Courtesy Pay-Dbt",,.00,Posted,-1008.08
"XXXXXX1009-S81",5/21/2022,,"Withdrawal POS #214158027245/POS NNT MI TIENDITA 002002 1725 OHLEN AUSTIN TX Card 2272Merchant Category Code: 5499",2.70,,Posted,-1008.08
"XXXXXX1009-S81",5/21/2022,,"Uncollected Fee of $34.00 is Due",,.00,Posted,.00
"XXXXXX1009-S81",5/21/2022,,"Courtesy Pay-Dbt",,.00,Posted,-1005.38
"XXXXXX1009-S81",5/21/2022,,"Withdrawal DEBIT CARD/PRO SERVE ENTERPRISE 512-326-2811 TX Date 05/19/22 24251382140017025263446 Card 2272Merchant Category Code: 2842",86.69,,Posted,-1005.38
"XXXXXX1009-S81",5/20/2022,,"Uncollected Fee of $34.00 is Due",,.00,Posted,.00
"XXXXXX1009-S81",5/20/2022,,"Courtesy Pay-Dbt",,.00,Posted,-918.69
"XXXXXX1009-S81",5/20/2022,,"Withdrawal DEBIT CARD/DD DOORDASH WINGSTOP 855-973-1040 CA Date 05/20/22 24492152140745554817804 Card 4969Merchant Category Code: 5812",36.88,,Posted,-918.69
"XXXXXX1009-S81",5/20/2022,,"Uncollected Fee of $34.00 is Due",,.00,Posted,.00
"XXXXXX1009-S81",5/20/2022,,"Courtesy Pay-Dbt",,.00,Posted,-881.81
"XXXXXX1009-S81",5/20/2022,,"Withdrawal DEBIT CARD/AMZN Mktp US*1X1MQ0OL1 Amzn.com/bill WA Date 05/20/22 24692162140100985975184 Card 4969Merchant Category Code: 5942",159.60,,Posted,-881.81
"XXXXXX1009-S81",5/20/2022,,"Uncollected Fee of $34.00 is Due",,.00,Posted,.00
"XXXXXX1009-S81",5/20/2022,,"Courtesy Pay-Dbt",,.00,Posted,-722.21
"XXXXXX1009-S81",5/20/2022,,"Withdrawal DEBIT CARD/RANDALLS #3145 LEANDER TX Date 05/19/22 24231682140837001257452 Card 4969Merchant Category Code: 5411",122.27,,Posted,-722.21
"XXXXXX1009-S81",5/20/2022,,"Deposit ACH Texas Windstrom/TYPE: PAYABLES ID: 2746189303 DATA: DYNAMICS EFT DEPOSIT CO: Texas Windstrom",,342.68,Posted,-599.94
"XXXXXX1009-S81",5/20/2022,,"Uncollected Fee of $34.00 is Due",,.00,Posted,.00
"XXXXXX1009-S81",5/20/2022,,"Courtesy Pay-Dbt",,.00,Posted,-942.62
"XXXXXX1009-S81",5/20/2022,,"Withdrawal POS #214012755157/POS H-E-B GAS/CARWASH #265 CEDAR PARK TX Card 4969 Merchant Category Code: 5542",81.71,,Posted,-942.62
"XXXXXX1009-S81",5/20/2022,,"Uncollected Fee of $34.00 is Due",,.00,Posted,.00
"XXXXXX1009-S81",5/20/2022,,"Courtesy Pay-Dbt",,.00,Posted,-860.91
"XXXXXX1009-S81",5/20/2022,,"Withdrawal DEBIT CARD/HOPDODDY CEDAR PARK CR 512-852-9406 TX Date 05/20/22 24692162140100833821358 Card 4969Merchant Category Code: 5812",34.91,,Posted,-860.91
"XXXXXX1009-S81",5/20/2022,,"Uncollected Fee of $34.00 is Due",,.00,Posted,.00
"XXXXXX1009-S81",5/20/2022,,"Courtesy Pay-Dbt",,.00,Posted,-826.00
"XXXXXX1009-S81",5/20/2022,,"Withdrawal POS #214013647516/POS WALGREENS STORE 1505 W WH CEDAR PARK TX Card 2272Merchant Category Code: 5912",19.99,,Posted,-826.00
"XXXXXX1009-S81",5/20/2022,,"Uncollected Fee of $34.00 is Due",,.00,Posted,.00
"XXXXXX1009-S81",5/20/2022,,"Courtesy Pay-Dbt",,.00,Posted,-806.01
"XXXXXX1009-S81",5/20/2022,,"Withdrawal DEBIT CARD/LAKELINE XPRESS MART CEDAR PARK TX Date 05/19/22 24137462140001247050138 Card 2272Merchant Category Code: 5541",12.97,,Posted,-806.01
"XXXXXX1009-S81",5/20/2022,,"Uncollected Fee of $34.00 is Due",,.00,Posted,.00
"XXXXXX1009-S81",5/20/2022,,"Courtesy Pay-Dbt",,.00,Posted,-793.04
"XXXXXX1009-S81",5/20/2022,,"Withdrawal DEBIT CARD/H-E-B #265 CEDAR PARK TX Date 05/19/22 24427332139740282205191 Card 4969Merchant Category Code: 5411",16.71,,Posted,-793.04
"XXXXXX1009-S81",5/20/2022,,"Uncollected Fee of $34.00 is Due",,.00,Posted,.00
"XXXXXX1009-S81",5/20/2022,,"Courtesy Pay-Dbt",,.00,Posted,-776.33
"XXXXXX1009-S81",5/20/2022,,"Withdrawal DEBIT CARD/H-E-B #265 CEDAR PARK TX Date 05/19/22 24427332139740282204632 Card 4969Merchant Category Code: 5411",48.51,,Posted,-776.33
"XXXXXX1009-S81",5/20/2022,,"Uncollected Fee of $34.00 is Due",,.00,Posted,.00
"XXXXXX1009-S81",5/20/2022,,"Courtesy Pay-Dbt",,.00,Posted,-727.82
"XXXXXX1009-S81",5/20/2022,,"Withdrawal DEBIT CARD/TST* C.R. SURF AND TURF CEDAR PARK TX Date 05/19/22 24137462139300647176375 Card 2272Merchant Category Code: 5812",76.25,,Posted,-727.82
"XXXXXX1009-S81",5/20/2022,,"Uncollected Fee of $34.00 is Due",,.00,Posted,.00
"XXXXXX1009-S81",5/20/2022,,"Courtesy Pay-Dbt",,.00,Posted,-651.57
"XXXXXX1009-S81",5/20/2022,,"Withdrawal DEBIT CARD/KERBEY LANE CAFE-WL olo.com TX Date 05/18/22 24733092139091814000158 Card 0718Merchant Category Code: 5812",53.25,,Posted,-651.57
"XXXXXX1009-S81",5/20/2022,,"Uncollected Fee of $34.00 is Due",,.00,Posted,.00
"XXXXXX1009-S81",5/20/2022,,"Courtesy Pay-Dbt",,.00,Posted,-598.32
"XXXXXX1009-S81",5/20/2022,,"Withdrawal DEBIT CARD/THE CROMEENS LAW FIRM HOUSTON TX Date 05/19/22 24559302139900012980249 Card 2272Merchant Category Code: 8111",535.00,,Posted,-598.32
"XXXXXX1009-S81",5/20/2022,,"Uncollected Fee of $34.00 is Due",,.00,Posted,.00
"XXXXXX1009-S81",5/20/2022,,"Courtesy Pay-Dbt",,.00,Posted,-63.32
"XXXXXX1009-S81",5/20/2022,,"Withdrawal DEBIT CARD/AMZN Mktp US*1L3IG3S00 Amzn.com/bill WA Date 05/19/22 24692162139100428561461 Card 4969Merchant Category Code: 5942",309.67,,Posted,-63.32
"XXXXXX1009-S81",5/20/2022,,"Uncollected Fee of $34.00 is Due",,.00,Posted,.00
"XXXXXX1009-S81",5/20/2022,,"Courtesy Pay-Dbt",,.00,Posted,246.35
"XXXXXX1009-S81",5/20/2022,,"Withdrawal DEBIT CARD/PAYPAL *HITECHPOWER HITEC 402-935-7733 Date 05/19/22 24492152139852983405426 Card 2272Merchant Category Code: 4816",180.62,,Posted,246.35
"XXXXXX1009-S81",5/20/2022,,"Uncollected Fee of $34.00 is Due",,.00,Posted,.00
"XXXXXX1009-S81",5/20/2022,,"Courtesy Pay-Dbt",,.00,Posted,426.97
"XXXXXX1009-S81",5/20/2022,,"Withdrawal DEBIT CARD/PAYPAL *HITECHPOWER HITEC 402-935-7733 Date 05/19/22 24492152139852983332752 Card 2272Merchant Category Code: 4816",90.31,,Posted,426.97
"XXXXXX1009-S81",5/20/2022,,"Uncollected Fee of $34.00 is Due",,.00,Posted,.00
"XXXXXX1009-S81",5/20/2022,,"Courtesy Pay-Dbt",,.00,Posted,517.28
"XXXXXX1009-S81",5/20/2022,,"Withdrawal DEBIT CARD/PAYPAL *HITECHPOWER HITEC 402-935-7733 Date 05/19/22 24492152139852983510183 Card 2272Merchant Category Code: 4816",212.50,,Posted,517.28
"XXXXXX1009-S81",5/19/2022,,"Uncollected Fee of $34.00 is Due",,.00,Posted,.00
"XXXXXX1009-S81",5/19/2022,,"Courtesy Pay-Ck",,.00,Posted,729.78
"XXXXXX1009-S81",5/19/2022,2542,"Check 2542 Tracer 817500000255635",1200.00,,Posted,729.78
"XXXXXX1009-S81",5/19/2022,2536,"Check 2536 Tracer 817500000256008",1350.00,,Posted,1929.78
"XXXXXX1009-S81",5/19/2022,,"Deposit Transfer From Loan 00",,102.44,Posted,3279.78
"XXXXXX1009-S81",5/19/2022,2531,"Check 2531 Tracer 817500000256203",2400.00,,Posted,3177.34
"XXXXXX1009-S81",5/19/2022,,"Withdrawal POS #213921709850/POS WALGREENS STORE 905 CRYST LEANDER TX Card 4969 Merchant Category Code: 5912",107.12,,Posted,5577.34
"XXXXXX1009-S81",5/19/2022,2538,"Check 2538 Tracer 817500000192097",3750.00,,Posted,5684.46
"XXXXXX1009-S81",5/19/2022,,"Withdrawal POS #213900393993/POS 7-ELEVEN 6111 Bee Cave Rd US Austin Card 2675 Merchant Category Code: 5542",65.68,,Posted,9434.46
"XXXXXX1009-S81",5/19/2022,,"Withdrawal ACH *LINCOLN NATLIFE/TYPE: PREMPAYMNT ID: 3504728231 DATA: 0018400TER CO: *LINCOLN NATLIFE",316.91,,Posted,9500.14
"XXXXXX1009-S81",5/19/2022,,"Withdrawal ACH CAPITAL ONE/TYPE: CRCARDPMT ID: 9541719318 CO: CAPITAL ONE",200.00,,Posted,9817.05
"XXXXXX1009-S81",5/19/2022,,"Withdrawal ACH ATT/TYPE: Payment ID: 9864031004 CO: ATT",80.42,,Posted,10017.05
"XXXXXX1009-S81",5/19/2022,,"Withdrawal ACH ALLSTATE INS CO/TYPE: INS PREM ID: 1360719665 DATA: ACH.EZPR02010 Q CO: ALLSTATE INS NAME: HERNANDEZ",59.53,,Posted,10097.47
"XXXXXX1009-S81",5/19/2022,,"Withdrawal DEBIT CARD/SALTGRASS AUSTIN AUSTIN TX Date 05/18/22 24943002139207688500090 Card 2272Merchant Category Code: 5812",127.12,,Posted,10157.00
"XXXXXX1009-S81",5/19/2022,,"Withdrawal DEBIT CARD/ATMOS ENERGY 888-286-6700 TX Date 05/18/22 24692162138100598589228 Card 4969Merchant Category Code: 4900",149.73,,Posted,10284.12
"XXXXXX1009-S81",5/19/2022,,"Withdrawal POS #6I6ANUOLI2L0/POS AMAZON.COM*1L5MO9SD2 SEATTLE WA Card 4969 Merchant Category Code: 4816",25.93,,Posted,10433.85
"XXXXXX1009-S81",5/18/2022,,"Withdrawal POS #213816786574/POS NNT LAKE LINE FOOD 002355 1075 N LINE BLVD 1 CEDAR PARK TX Card 2272Merchant Category Code: 5999",19.47,,Posted,10459.78
"XXXXXX1009-S81",5/18/2022,,"Withdrawal DEBIT CARD/EL POLLO RICO 9 CEDAR PARK TX Date 05/17/22 24013392138001921182829 Card 4969Merchant Category Code: 5812",47.50,,Posted,10479.25
"XXXXXX1009-S81",5/18/2022,,"Withdrawal POS #213816386788/POS LOWE'S #2774 LEANDER TX Card 2675 Merchant Category Code: 5200",48.63,,Posted,10526.75
"XXXXXX1009-S81",5/18/2022,,"Withdrawal POS #213894068300/POS SUNOCO 0856051800 2501 SOUTH WATER BURNET TX Card 2272Merchant Category Code: 5541",23.74,,Posted,10575.38
"XXXXXX1009-S81",5/18/2022,,"Withdrawal Transfer To Loan 00",200.00,,Posted,10599.12
"XXXXXX1009-S81",5/18/2022,,"Deposit Reconciled 0000025",,.00,Posted,.00
"XXXXXX1009-S81",5/18/2022,,"Deposit Bulk/Checks 299.77 Check Count 1 Deposit Number 0000025",,299.77,Posted,10799.12
"XXXXXX1009-S81",5/18/2022,,"Withdrawal DEBIT CARD/CITY OF SAN ANTONIO 210-207-1111 TX Date 05/18/22 24692162138100145523787 Card 4969Merchant Category Code: 9399",161.90,,Posted,10499.35
"XXXXXX1009-S81",5/18/2022,,"Withdrawal ACH ALLSTATE INS CO/TYPE: INS PREM ID: 1360719665 DATA: ACH.EZPR02010 S CO: ALLSTATE INS CO",352.23,,Posted,10661.25
"XXXXXX1009-S81",5/18/2022,,"Withdrawal ACH ALLSTATE INS CO/TYPE: INS PREM ID: 1360719665 DATA: ACH.EZPR02010 S CO: ALLSTATE INS CO",49.23,,Posted,11013.48
"XXXXXX1009-S81",5/18/2022,,"Withdrawal ACH HOME DEPOT/TYPE: AUTO PYMT ID: CITIAUTFDR CO: HOME DEPOT",29.00,,Posted,11062.71
"XXXXXX1009-S81",5/17/2022,,"Withdrawal DEBIT CARD/TEXACO 0359729 CEDAR PARK TX Date 05/17/22 24692162137100639889117 Card 2272Merchant Category Code: 5541",32.24,,Posted,11091.71
"XXXXXX1009-S81",5/17/2022,2544,"Check 2544 Tracer 817300000352534",500.00,,Posted,11123.95
"XXXXXX1009-S81",5/17/2022,2535,"Check 2535 Tracer 817300000352985",1000.00,,Posted,11623.95
"XXXXXX1009-S81",5/17/2022,2534,"Check 2534 Tracer 817300000354421",1650.00,,Posted,12623.95
"XXXXXX1009-S81",5/17/2022,,"Withdrawal POS #2DIFXG9IBL08/POS AMAZON.COM*1L52Z1XM0 SEATTLE WA Card 4969 Merchant Category Code: 4816",52.16,,Posted,14273.95
"XXXXXX1009-S81",5/17/2022,,"Withdrawal POS #213719939335/POS LAMBS TIRE 4155 3510 LAKE LEANDER TX Card 4969 Merchant Category Code: 5541",154.58,,Posted,14326.11
"XXXXXX1009-S81",5/17/2022,,"Withdrawal DEBIT CARD/QT 4143 CEDAR PARK TX Date 05/16/22 24692162137100416353543 Card 4969Merchant Category Code: 5541",37.96,,Posted,14480.69
"XXXXXX1009-S81",5/17/2022,2537,"Check 2537 Tracer 817300000201001",1408.00,,Posted,14518.65
"XXXXXX1009-S81",5/17/2022,,"Withdrawal POS #213700852751/POS 7-ELEVEN 6111 Bee Cave Rd US Austin Card 2675 Merchant Category Code: 5542",56.41,,Posted,15926.65
"XXXXXX1009-S81",5/17/2022,,"Deposit Reconciled 0000025",,.00,Posted,.00
"XXXXXX1009-S81",5/17/2022,,"Deposit Bulk/Checks 3,312.45 Check Count 1 Deposit Number 0000025",,3312.45,Posted,15983.06
"XXXXXX1009-S81",5/17/2022,,"Withdrawal POS #213764480101/POS NST THE HOME DEPOT 000858 7900 N FM 620 AUSTIN TX Card 2675Merchant Category Code: 5200",30.58,,Posted,12670.61
"XXXXXX1009-S81",5/17/2022,,"Withdrawal POS #213757855001/POS NST THE HOME DEPOT 000795 7900 N FM 620 AUSTIN TX Card 2675Merchant Category Code: 5200",39.96,,Posted,12701.19
"XXXXXX1009-S81",5/17/2022,,"Withdrawal ACH CHASE CREDIT CRD/TYPE: EPAY ID: 5760039224 CO: CHASE CREDIT CRD NAME: ARACELI VAZQUEZ",500.00,,Posted,12741.15
"XXXXXX1009-S81",5/17/2022,,"Withdrawal ACH CITI CARD ONLINE/TYPE: PAYMENT ID: CITICTP CO: CITI CARD ONLINE NAME: MARTHA G HERNANDEZ",100.00,,Posted,13241.15
"XXXXXX1009-S81",5/17/2022,,"Withdrawal POS #213743560800/POS 7-ELEVEN 36630 7844 BURNET RD AUSTIN TX Card 2675Merchant Category Code: 5542",112.87,,Posted,13341.15
"XXXXXX1009-S81",5/17/2022,,"Withdrawal DEBIT CARD/H-E-B #265 CEDAR PARK TX Date 05/16/22 24427332136740274131325 Card 4969Merchant Category Code: 5411",61.08,,Posted,13454.02
"XXXXXX1009-S81",5/17/2022,,"Recurring Withdrawal Bill Payment - #213621100908/BP HP *INSTANT INK 855-785-2777 CA Card 0001 Merchant Category Code: 5111",27.05,,Posted,13515.10
"XXXXXX1009-S81",5/16/2022,2533,"Check 2533 Tracer 817200000631207",600.00,,Posted,13542.15
"XXXXXX1009-S81",5/16/2022,,"Deposit Reconciled 0000009",,.00,Posted,.00
"XXXXXX1009-S81",5/16/2022,,"Withdrawal Cash",3500.00,,Posted,14142.15
"XXXXXX1009-S81",5/16/2022,,"Withdrawal POS #7JSKO65MLAZS/POS AMAZON.COM*1L56D0020 SEATTLE WA Card 4969 Merchant Category Code: 4816",62.76,,Posted,17642.15
"XXXXXX1009-S81",5/16/2022,2539,"Check 2539 Tracer 817200000700218",2520.00,,Posted,17704.91
"XXXXXX1009-S81",5/16/2022,,"Withdrawal DEBIT CARD/RANDALLS #3145 LEANDER TX Date 05/15/22 24231682136837001923364 Card 4969Merchant Category Code: 5411",161.47,,Posted,20224.91
"XXXXXX1009-S81",5/16/2022,,"Withdrawal DEBIT CARD/TEXAS HONE* TEXAS HONE rob@texashone TX Date 05/16/22 24492162136000022276638 Card 0718Merchant Category Code: 5812",48.79,,Posted,20386.38
"XXXXXX1009-S81",5/16/2022,,"Withdrawal POS #213664311501/POS NST THE HOME DEPOT 002674 11301 LAKELINE RD AUSTIN TX Card 2272Merchant Category Code: 5200",77.81,,Posted,20435.17
"XXXXXX1009-S81",5/16/2022,,"Withdrawal DEBIT CARD/JIMMY JOHNS - 1810 - ECOM 512-259-1030 Date 05/15/22 24269792136500560683850 Card 4969Merchant Category Code: 5814",27.00,,Posted,20512.98
"XXXXXX1009-S81",5/16/2022,,"Withdrawal DEBIT CARD/CHIPOTLE ONLINE 180-024-4768 CA Date 05/16/22 24431062136083702313893 Card 4969Merchant Category Code: 5814",30.31,,Posted,20539.98
"XXXXXX1009-S81",5/16/2022,,"Withdrawal POS #213615033894/POS WALGREENS STORE 1505 W WH CEDAR PARK TX Card 0001Merchant Category Code: 5912",140.76,,Posted,20570.29
"XXXXXX1009-S81",5/16/2022,,"Withdrawal POS #213615022625/POS WALGREENS STORE 1505 W WH CEDAR PARK TX Card 0001Merchant Category Code: 5912",40.25,,Posted,20711.05
"XXXXXX1009-S81",5/16/2022,,"Withdrawal DEBIT CARD/TAMU NEW STUDENT CONFE 979-845-5209 TX Date 05/16/22 24692162136100115932317 Card 0718Merchant Category Code: 8220",55.00,,Posted,20751.30
"XXXXXX1009-S81",5/16/2022,,"Deposit Bulk/Checks 3,247.50 Check Count 2 Deposit Number 0000009",,3247.50,Posted,20806.30
"XXXXXX1009-S81",5/16/2022,,"Withdrawal ACH THE GUARDIAN/TYPE: INSUR PREM ID: 9555845001 CO: THE GUARDIAN",849.54,,Posted,17558.80
"XXXXXX1009-S81",5/16/2022,,"Withdrawal ACH FARMERS INS EXCH/TYPE: INSPAYMENT ID: 2432215866 DATA: BILL PAYMENT CO: FARMERS INS EXCH",661.91,,Posted,18408.34
"XXXXXX1009-S81",5/16/2022,,"Withdrawal ACH DISCOVER/TYPE: E-PAYMENT ID: 3510020270 DATA: DC PYMNTS DCIDPIINT CO: DISCOVER NAME: HERNANDEZ SALVADOR",500.00,,Posted,19070.25
"XXXXXX1009-S81",5/16/2022,,"Withdrawal ACH LendingClub/TYPE: 8885963157 ID: 8510605731 DATA: Y CO: LendingClub",498.15,,Posted,19570.25
"XXXXXX1009-S81",5/16/2022,,"Withdrawal ACH CAPITAL ONE/TYPE: CRCARDPMT ID: 9541719018 CO: CAPITAL ONE",300.00,,Posted,20068.40
"XXXXXX1009-S81",5/16/2022,,"Withdrawal ACH INTUIT 85940695/TYPE: TRAN FEE ID: 9215986202 CO: INTUIT 85940695",181.86,,Posted,20368.40
"XXXXXX1009-S81",5/16/2022,,"Withdrawal ACH HUMANA COMPBENEF/TYPE: 7709988936 ID: 2591843760 CO: HUMANA COMPBENEF",50.74,,Posted,20550.26
"XXXXXX1009-S81",5/16/2022,,"Deposit ACH Texas Windstrom/TYPE: PAYABLES ID: 2746189303 DATA: DYNAMICS EFT DEPOSIT CO: Texas Windstrom",,8576.00,Posted,20601.00
"XXXXXX1009-S81",5/16/2022,,"Deposit ACH INTUIT 19961325/TYPE: DEPOSIT ID: 9215986202 CO: INTUIT 19961325",,5326.75,Posted,12025.00
"XXXXXX1009-S81",5/16/2022,,"Withdrawal DEBIT CARD/TAQUERIA GUADALAJARA AUSTIN TX Date 05/14/22 24036282135017052284365 Card 2272Merchant Category Code: 5812",23.62,,Posted,6698.25
"XXXXXX1009-S81",5/15/2022,,"Withdrawal DEBIT CARD/EXPEDIA 72305065969422 EXPEDIA.COM WA Date 05/15/22 24692162135100922961724 Card 0718Merchant Category Code: 4722",137.20,,Posted,6721.87
"XXXXXX1009-S81",5/15/2022,,"Withdrawal POS #213595784143/POS NNT LAKE LINE FOOD 000131 1075 N LINE BLVD 1 CEDAR PARK TX Card 2272Merchant Category Code: 5999",27.03,,Posted,6859.07
"XXXXXX1009-S81",5/15/2022,,"Withdrawal DEBIT CARD/TEXACO 0359729 CEDAR PARK TX Date 05/15/22 24692162135100423340048 Card 2272Merchant Category Code: 5541",32.57,,Posted,6886.10
"XXXXXX1009-S81",5/15/2022,,"Withdrawal DEBIT CARD/TEXACO 0359729 CEDAR PARK TX Date 05/14/22 24692162134100302553837 Card 2272Merchant Category Code: 5541",4.31,,Posted,6918.67
"XXXXXX1009-S81",5/14/2022,,"Withdrawal POS #213500059198/POS DSW CEDAR PARK T 5001 HWY CEDAR PARK TX Card 2272Merchant Category Code: 5661",38.97,,Posted,6922.98
"XXXXXX1009-S81",5/14/2022,,"Withdrawal POS #213500559482/POS WHOLEFDS CDP #10 5001 183 CEDAR PARK TX Card 2272Merchant Category Code: 5411",61.20,,Posted,6961.95
"XXXXXX1009-S81",5/14/2022,,"Withdrawal POS #213428431500/POS C STORE-5625 WESTGATE 5625 WESTGATE AUSTIN TX Card 2272Merchant Category Code: 5542",45.18,,Posted,7023.15
"XXXXXX1009-S81",5/14/2022,,"Withdrawal at ATM #213400002153/ATM RBFCU 1110 N. BELL BLVD BLDG AUSTIN Card 4969 Merchant Category Code: 6011",500.00,,Posted,7068.33
"XXXXXX1009-S81",5/14/2022,2532,"Check 2532 Tracer 817000000196001",3400.00,,Posted,7568.33
"XXXXXX1009-S81",5/14/2022,,"Deposit Reconciled 0000016",,.00,Posted,.00
"XXXXXX1009-S81",5/14/2022,,"Deposit Bulk/Checks 1,075.00 Check Count 2 Deposit Number 0000016",,1075.00,Posted,10968.33
"XXXXXX1009-S81",5/14/2022,,"Withdrawal DEBIT CARD/WINGSTOP - 411 - MCOMM 512-996-9464 TX Date 05/13/22 24269792134001061162215 Card 4969Merchant Category Code: 5814",16.76,,Posted,9893.33
"XXXXXX1009-S81",5/13/2022,,"Withdrawal POS #107A7LDFC0X3/POS AMAZON.COM*1R8FV1L71 SEATTLE WA Card 4969 Merchant Category Code: 4816",124.89,,Posted,9910.09
"XXXXXX1009-S81",5/13/2022,,"Withdrawal POS #213318502903/POS H-E-B #029 W LAKE HILLS TX Card 0718 Merchant Category Code: 5411",331.39,,Posted,10034.98
"XXXXXX1009-S81",5/13/2022,,"Withdrawal DEBIT CARD/TEXAS HONE* TEXAS HONE rob@texashone TX Date 05/13/22 24492162133000030010071 Card 2272Merchant Category Code: 5812",35.41,,Posted,10366.37
"XXXXXX1009-S81",5/13/2022,,"Withdrawal DEBIT CARD/SHELL OIL 10012713003 AUSTIN TX Date 05/12/22 24316052133548119186771 Card 2675Merchant Category Code: 5541",50.00,,Posted,10401.78
"XXXXXX1009-S81",5/13/2022,,"Withdrawal POS #213314657637/POS H-E-B #202 AUSTIN TX Card 2272 Merchant Category Code: 5411",186.00,,Posted,10451.78
"XXXXXX1009-S81",5/13/2022,,"Withdrawal DEBIT CARD/RANDALLS #3145 LEANDER TX Date 05/12/22 24231682133837001930206 Card 4969Merchant Category Code: 5411",100.00,,Posted,10637.78
"XXXXXX1009-S81",5/13/2022,,"Withdrawal DEBIT CARD/RANDALLS #3145 LEANDER TX Date 05/12/22 24231682133837001929240 Card 4969Merchant Category Code: 5411",64.88,,Posted,10737.78
"XXXXXX1009-S81",5/13/2022,,"Withdrawal POS #213300441854/POS 7-ELEVEN 1870 S. Bagdad Roa US TX Card 4969Merchant Category Code: 5542",62.09,,Posted,10802.66
"XXXXXX1009-S81",5/13/2022,,"Withdrawal at ATM #213300001926/ATM RBFCU 1110 N. BELL BLVD BLDG AUSTIN Card 4969 Merchant Category Code: 6011",400.00,,Posted,10864.75
"XXXXXX1009-S81",5/13/2022,,"Withdrawal POS #213309983900/POS COPPER RIDGE MARKET 7500 WEST HWY 29 LIBERTY HILL TX Card 2675Merchant Category Code: 5542",73.97,,Posted,11264.75
"XXXXXX1009-S81",5/13/2022,,"Withdrawal POS #213311845199/POS SHELL SERVICE STATION ROUND ROCK TX Card 2272 Merchant Category Code: 5542",47.23,,Posted,11338.72
"XXXXXX1009-S81",5/13/2022,,"Withdrawal ACH WEBFILE TAX PYMT/TYPE: DD ID: 2146000311 DATA: CPA TAX PAYMENTS CO: WEBFILE TAX PYMT",6318.80,,Posted,11385.95
"XXXXXX1009-S81",5/13/2022,,"Withdrawal ACH AMEX EPAYMENT/TYPE: ACH PMT ID: 0005000008 DATA: ER AM CO: AMEX EPAYMENT",685.06,,Posted,17704.75
"XXXXXX1009-S81",5/13/2022,,"Withdrawal DEBIT CARD/DAIRY QUEEN 45856 AUSTIN TX Date 05/12/22 24231682133400000000305 Card 2272Merchant Category Code: 5814",13.93,,Posted,18389.81
"XXXXXX1009-S81",5/13/2022,,"Recurring Withdrawal DEBIT CARD/MCW308-WHITESTONE 866-2543229 TX Date 05/12/22 24071052132939159553309 Card 2272Merchant Category Code: 7542",19.99,,Posted,18403.74
"XXXXXX1009-S81",5/13/2022,,"Withdrawal DEBIT CARD/IN *KRISTY R. CORTEZ, PC 512-8352635 TX Date 05/12/22 24692162132100619448426 Card 4969Merchant Category Code: 8931",750.00,,Posted,18423.73
"XXXXXX1009-S81",5/13/2022,,"Withdrawal DEBIT CARD/PAYPAL *HITECHPOWER HITEC 402-935-7733 Date 05/12/22 24492152132852633634489 Card 4969Merchant Category Code: 4816",823.43,,Posted,19173.73
"XXXXXX1009-S81",5/13/2022,,"Withdrawal POS #213200995320/POS 7-ELEVEN 6111 Bee Cave Rd US Austin Card 0718 Merchant Category Code: 5542",40.03,,Posted,19997.16
"XXXXXX1009-S81",5/13/2022,,"Withdrawal POS #213200998436/POS 7-ELEVEN 6111 BEE CAVE RD US AUSTIN Card 0718 Merchant Category Code: 5541",10.93,,Posted,20037.19
"XXXXXX1009-S81",5/12/2022,,"Deposit Reconciled 0000030",,.00,Posted,.00
"XXXXXX1009-S81",5/12/2022,,"Withdrawal Transfer/To HERNANDEZ,MARTHA 331014 Loan 02",422.81,,Posted,20048.12
"XXXXXX1009-S81",5/12/2022,,"Withdrawal Cash",1500.00,,Posted,20470.93
"XXXXXX1009-S81",5/12/2022,,"Deposit Bulk/Checks 3,680.50 Check Count 1 Deposit Number 0000030",,3680.50,Posted,21970.93
"XXXXXX1009-S81",5/12/2022,,"Uncollected Fee/Due since 05/11/22 - Courtesy Pay-Dbt",34.00,,Posted,18290.43
"XXXXXX1009-S81",5/12/2022,,"Uncollected Fee/Due since 05/11/22 - Courtesy Pay-Dbt",34.00,,Posted,18324.43
"XXXXXX1009-S81",5/12/2022,,"Uncollected Fee/Due since 05/11/22 - Courtesy Pay-Dbt",34.00,,Posted,18358.43
"XXXXXX1009-S81",5/12/2022,,"Uncollected Fee/Due since 05/10/22 - Courtesy Pay-ACH",34.00,,Posted,18392.43
"XXXXXX1009-S81",5/12/2022,,"Uncollected Fee/Due since 05/09/22 - UNPAIDNSF",34.00,,Posted,18426.43
"XXXXXX1009-S81",5/12/2022,,"Uncollected Fee/Due since 05/09/22 - UNPAIDNSF",34.00,,Posted,18460.43
"XXXXXX1009-S81",5/12/2022,,"Uncollected Fee/Due since 05/09/22 - Overdrawn ACH",34.00,,Posted,18494.43
"XXXXXX1009-S81",5/12/2022,,"Uncollected Fee/Due since 05/09/22 - Overdrawn ACH",34.00,,Posted,18528.43
"XXXXXX1009-S81",5/12/2022,,"Uncollected Fee/Due since 05/06/22 - Overdrawn Debit",34.00,,Posted,18562.43
"XXXXXX1009-S81",5/12/2022,,"Uncollected Fee/Due since 05/06/22 - Overdrawn Debit",34.00,,Posted,18596.43
"XXXXXX1009-S81",5/12/2022,,"Uncollected Fee/Due since 05/06/22 - Overdrawn Debit",34.00,,Posted,18630.43
"XXXXXX1009-S81",5/12/2022,,"Uncollected Fee/Due since 05/05/22 - UNPAIDNSF",34.00,,Posted,18664.43
"XXXXXX1009-S81",5/12/2022,,"Uncollected Fee/Due since 05/05/22 - UNPAIDNSF",34.00,,Posted,18698.43
"XXXXXX1009-S81",5/12/2022,,"Uncollected Fee/Due since 05/05/22 - Courtesy Pay-Dbt",34.00,,Posted,18732.43
"XXXXXX1009-S81",5/12/2022,,"Uncollected Fee/Due since 05/05/22 - Courtesy Pay-Dbt",34.00,,Posted,18766.43
"XXXXXX1009-S81",5/12/2022,,"Uncollected Fee/Due since 05/05/22 - Courtesy Pay-ACH",34.00,,Posted,18800.43
"XXXXXX1009-S81",5/12/2022,,"Uncollected Fee/Due since 05/05/22 - Courtesy Pay-ACH",34.00,,Posted,18834.43
"XXXXXX1009-S81",5/12/2022,,"Uncollected Fee/Due since 05/05/22 - Courtesy Pay-ACH",34.00,,Posted,18868.43
"XXXXXX1009-S81",5/12/2022,,"Uncollected Fee/Due since 05/05/22 - Courtesy Pay-Dbt",34.00,,Posted,18902.43
"XXXXXX1009-S81",5/12/2022,,"Uncollected Fee/Due since 05/05/22 - Courtesy Pay-Dbt",34.00,,Posted,18936.43
"XXXXXX1009-S81",5/12/2022,,"Uncollected Fee/Due since 05/05/22 - Courtesy Pay-Dbt",34.00,,Posted,18970.43
"XXXXXX1009-S81",5/12/2022,,"Uncollected Fee/Due since 05/05/22 - Courtesy Pay-Dbt",34.00,,Posted,19004.43
"XXXXXX1009-S81",5/12/2022,,"Uncollected Fee/Due since 05/05/22 - Courtesy Pay-Dbt",34.00,,Posted,19038.43
"XXXXXX1009-S81",5/12/2022,,"Uncollected Fee/Due since 05/05/22 - Courtesy Pay-Dbt",34.00,,Posted,19072.43
"XXXXXX1009-S81",5/12/2022,,"Uncollected Fee/Due since 05/04/22 - Courtesy Pay-Ck",34.00,,Posted,19106.43
"XXXXXX1009-S81",5/12/2022,,"Uncollected Fee/Due since 05/04/22 - Courtesy Pay-Ck",34.00,,Posted,19140.43
"XXXXXX1009-S81",5/11/2022,,"Withdrawal POS #213153959320/POS NNT LA MEXICANA MAR000316 900 EAST PALM VALLEY BO ROUND ROCK TX Card 2272Merchant Category Code: 5411",19.47,,Posted,19174.43
"XXXXXX1009-S81",5/11/2022,,"Withdrawal POS #213100729179/POS WM SUPERCENTER # Wal-Mart Super CEDAR PARK TX Card 4969Merchant Category Code: 5411",152.20,,Posted,19193.90
"XXXXXX1009-S81",5/11/2022,,"Deposit Reconciled 0000062",,.00,Posted,.00
"XXXXXX1009-S81",5/11/2022,,"Withdrawal Cash",5000.00,,Posted,19346.10
"XXXXXX1009-S81",5/11/2022,,"Deposit Bulk/Checks 23,462.10 Check Count 13 Deposit Number 0000062",,23462.10,Posted,24346.10
"XXXXXX1009-S81",5/11/2022,,"Withdrawal Transfer/To HERNANDEZ,MARTHA 331014 Loan 02",24.97,,Posted,884.00
"XXXXXX1009-S81",5/11/2022,,"Recurring Withdrawal Bill Payment - #213128700873/BP ADOBE ACROPRO SUBS 408-536-6000 CA Card 0001 Merchant Category Code: 5734",16.23,,Posted,908.97
"XXXXXX1009-S81",5/11/2022,,"Deposit Reconciled 0000016",,.00,Posted,.00
"XXXXXX1009-S81",5/11/2022,,"Deposit Bulk/Checks 920.13 Check Count 1 Deposit Number 0000016",,920.13,Posted,925.20
"XXXXXX1009-S81",5/11/2022,,"Uncollected Fee of $34.00 is Due",,.00,Posted,.00
"XXXXXX1009-S81",5/11/2022,,"Courtesy Pay-Dbt",,.00,Posted,5.07
"XXXXXX1009-S81",5/11/2022,,"Withdrawal DEBIT CARD/TEXASGASSERVICE 800-700-2443 OK Date 05/10/22 24492152130719265773574 Card 0718Merchant Category Code: 4900",44.57,,Posted,5.07
"XXXXXX1009-S81",5/11/2022,,"Uncollected Fee of $34.00 is Due",,.00,Posted,.00
"XXXXXX1009-S81",5/11/2022,,"Courtesy Pay-Dbt",,.00,Posted,49.64
"XXXXXX1009-S81",5/11/2022,,"Withdrawal DEBIT CARD/DOG WASTE DEPOT.COM 856-495-5102 CA Date 05/11/22 24692162131100187713145 Card 2272Merchant Category Code: 2842",288.94,,Posted,49.64
"XXXXXX1009-S81",5/11/2022,,"Uncollected Fee of $34.00 is Due",,.00,Posted,.00
"XXXXXX1009-S81",5/11/2022,,"Courtesy Pay-Dbt",,.00,Posted,338.58
"XXXXXX1009-S81",5/11/2022,,"Withdrawal DEBIT CARD/CEDAR PARK OBGYN ASSOC 512-5287385 TX Date 05/10/22 24755422130271303775202 Card 2272Merchant Category Code: 8011",64.00,,Posted,338.58
"XXXXXX1009-S81",5/10/2022,,"Uncollected Fee of $34.00 is Due",,.00,Posted,.00
"XXXXXX1009-S81",5/10/2022,,"Courtesy Pay-ACH",,.00,Posted,402.58
"XXXXXX1009-S81",5/10/2022,,"Withdrawal ACH IRS/TYPE: USATAXPYMT ID: 3387702000 CO: IRS NAME: SALVADOR E &amp; MARTHA G",2500.00,,Posted,402.58
"XXXXXX1009-S81",5/10/2022,,"Deposit Reconciled 0000029",,.00,Posted,.00
"XXXXXX1009-S81",5/10/2022,,"Deposit Bulk/Checks 2,849.14 Check Count 1 Deposit Number 0000029",,2849.14,Posted,2902.58
"XXXXXX1009-S81",5/10/2022,2525,"Check 2525 Tracer 000000000507700",1442.50,,Posted,53.44
"XXXXXX1009-S81",5/10/2022,,"Withdrawal POS #213010282087/POS SHELL SERVICE STATION AUSTIN TX Card 2675 Merchant Category Code: 5542",69.17,,Posted,1495.94
"XXXXXX1009-S81",5/10/2022,,"Withdrawal ACH City of Austin T/TYPE: PAYMENT ID: 5746000085 CO: City of Austin T NAME: GONZALEZ VARGAS, MICHE",122.82,,Posted,1565.11
"XXXXXX1009-S81",5/10/2022,,"Deposit ACH Ternion Growth P/TYPE: SIGONFILE ID: 9000830338 DATA: 805-680-2004 CO: Ternion Growth P",,811.88,Posted,1687.93
"XXXXXX1009-S81",5/10/2022,,"Deposit ACH Ternion Growth P/TYPE: SIGONFILE ID: 9000830338 DATA: 805-680-2004 CO: Ternion Growth P",,454.65,Posted,876.05
"XXXXXX1009-S81",5/10/2022,,"Deposit ACH Ternion Growth P/TYPE: SIGONFILE ID: 9000830338 DATA: 805-680-2004 CO: Ternion Growth P",,454.65,Posted,421.40
"XXXXXX1009-S81",5/10/2022,,"Deposit/Bill.com, LLC Visa Direct CA Date 05/10/22 0 2130693998 2 5734 Card 0001Merchant Category Code: 5734",,2048.88,Posted,-33.25
"XXXXXX1009-S81",5/9/2022,,"Uncollected Fee of $34.00 is Due",,.00,Posted,.00
"XXXXXX1009-S81",5/9/2022,,"UNPAIDNSF 2526/In the amount $3,000.00.",,.00,Posted,-2082.13
"XXXXXX1009-S81",5/9/2022,,"Uncollected Fee of $34.00 is Due",,.00,Posted,.00
"XXXXXX1009-S81",5/9/2022,,"UNPAIDNSF 2525/In the amount $1,442.50.",,.00,Posted,-2082.13
"XXXXXX1009-S81",5/9/2022,,"Uncollected Fee of $34.00 is Due",,.00,Posted,.00
"XXXXXX1009-S81",5/9/2022,,"Overdrawn ACH/IRS",,.00,Posted,-2082.13
"XXXXXX1009-S81",5/9/2022,,"Deposit Reconciled 0000024",,.00,Posted,.00
"XXXXXX1009-S81",5/9/2022,,"Deposit Bulk/Checks 936.37 Check Count 1 Deposit Number 0000024",,936.37,Posted,-2082.13
"XXXXXX1009-S81",5/9/2022,,"Uncollected Fee of $34.00 is Due",,.00,Posted,.00
"XXXXXX1009-S81",5/9/2022,,"Overdrawn ACH/AMERICAN GEN LIF",,.00,Posted,-3018.50
"XXXXXX1009-S81",5/6/2022,2520,"Check 2520 Tracer 816200000380001",892.50,,Posted,-3018.50
"XXXXXX1009-S81",5/6/2022,,"Withdrawal Courtesy Pay fee",34.00,,Posted,-2126.00
"XXXXXX1009-S81",5/6/2022,,"Uncollected Fee of $34.00 is Due",,.00,Posted,.00
"XXXXXX1009-S81",5/6/2022,,"Overdrawn Debit",,.00,Posted,-2092.00
"XXXXXX1009-S81",5/6/2022,,"Withdrawal DEBIT CARD/FYF*FROMYOUFLOWERS 800-838-8853 CT Date 05/06/22 24692162126100373900271 Card 4969Merchant Category Code: 5992",89.79,,Posted,-2092.00
"XXXXXX1009-S81",5/6/2022,,"Uncollected Fee of $34.00 is Due",,.00,Posted,.00
"XXXXXX1009-S81",5/6/2022,,"Overdrawn Debit",,.00,Posted,-2002.21
"XXXXXX1009-S81",5/6/2022,,"Withdrawal DEBIT CARD/THE CROMEENS LAW FIRM HOUSTON TX Date 05/05/22 24559302125900012079170 Card 2272Merchant Category Code: 8111",620.00,,Posted,-2002.21
"XXXXXX1009-S81",5/6/2022,,"Uncollected Fee of $34.00 is Due",,.00,Posted,.00
"XXXXXX1009-S81",5/6/2022,,"Overdrawn Debit",,.00,Posted,-1382.21
"XXXXXX1009-S81",5/6/2022,,"Recurring Withdrawal DEBIT CARD/APPLE.COM/BILL 408-974-1010 CA Date 05/05/22 24430992125828326836212 Card 2272Merchant Category Code: 5735",2.99,,Posted,-1382.21
"XXXXXX1009-S81",5/5/2022,,"Uncollected Fee of $34.00 is Due",,.00,Posted,.00
"XXXXXX1009-S81",5/5/2022,,"UNPAIDNSF 2522/In the amount $850.00.",,.00,Posted,-1379.22
"XXXXXX1009-S81",5/5/2022,,"Uncollected Fee of $34.00 is Due",,.00,Posted,.00
"XXXXXX1009-S81",5/5/2022,,"UNPAIDNSF 2521/In the amount $2,800.00.",,.00,Posted,-1379.22
"XXXXXX1009-S81",5/5/2022,,"Uncollected Fee of $34.00 is Due",,.00,Posted,.00
"XXXXXX1009-S81",5/5/2022,,"Courtesy Pay-Dbt",,.00,Posted,-1379.22
"XXXXXX1009-S81",5/5/2022,,"Withdrawal POS #212500086915/POS 7-ELEVEN 17510 Judson Rd US San Antonio TX Card 4969Merchant Category Code: 5542",1.24,,Posted,-1379.22
"XXXXXX1009-S81",5/5/2022,,"Uncollected Fee of $34.00 is Due",,.00,Posted,.00
"XXXXXX1009-S81",5/5/2022,,"Courtesy Pay-Dbt",,.00,Posted,-1377.98
"XXXXXX1009-S81",5/5/2022,,"Withdrawal POS #212514710491/POS WALGREENS STORE 1505 W WH CEDAR PARK TX Card 2272Merchant Category Code: 5912",39.99,,Posted,-1377.98
"XXXXXX1009-S81",5/5/2022,,"Uncollected Fee of $34.00 is Due",,.00,Posted,.00
"XXXXXX1009-S81",5/5/2022,,"Courtesy Pay-ACH",,.00,Posted,-1337.99
"XXXXXX1009-S81",5/5/2022,,"Withdrawal ACH FARMERS INS EXCH/TYPE: INSPAYMENT ID: 2432215866 DATA: BILL PAYMENT CO: FARMERS INS EXCH",1005.33,,Posted,-1337.99
"XXXXXX1009-S81",5/5/2022,,"Uncollected Fee of $34.00 is Due",,.00,Posted,.00
"XXXXXX1009-S81",5/5/2022,,"Courtesy Pay-ACH",,.00,Posted,-332.66
"XXXXXX1009-S81",5/5/2022,,"Withdrawal ACH *LINCOLN NATLIFE/TYPE: PREMPAYMNT ID: 3504728231 DATA: 0018400TER CO: *LINCOLN NATLIFE",105.20,,Posted,-332.66
"XXXXXX1009-S81",5/5/2022,,"Uncollected Fee of $34.00 is Due",,.00,Posted,.00
"XXXXXX1009-S81",5/5/2022,,"Courtesy Pay-ACH",,.00,Posted,-227.46
"XXXXXX1009-S81",5/5/2022,,"Withdrawal ACH INTUIT 32275995/TYPE: TRAN FEE ID: 9215986202 CO: INTUIT 32275995",19.38,,Posted,-227.46
"XXXXXX1009-S81",5/5/2022,,"Deposit ACH INTUIT 66651495/TYPE: DEPOSIT ID: 9215986202 CO: INTUIT 66651495",,562.74,Posted,-208.08
"XXXXXX1009-S81",5/5/2022,,"Uncollected Fee of $34.00 is Due",,.00,Posted,.00
"XXXXXX1009-S81",5/5/2022,,"Courtesy Pay-Dbt",,.00,Posted,-770.82
"XXXXXX1009-S81",5/5/2022,,"Withdrawal DEBIT CARD/A &amp; A AUTOMECHANIC SERVIC ROUND ROCK TX Date 05/04/22 24559302124900010100037 Card 2272Merchant Category Code: 7538",1595.26,,Posted,-770.82
"XXXXXX1009-S81",5/5/2022,,"Uncollected Fee of $34.00 is Due",,.00,Posted,.00
"XXXXXX1009-S81",5/5/2022,,"Courtesy Pay-Dbt",,.00,Posted,824.44
"XXXXXX1009-S81",5/5/2022,,"Withdrawal DEBIT CARD/WINGSTOP - 411 - MCOMM 512-996-9464 TX Date 05/04/22 24269792125001039284464 Card 4969Merchant Category Code: 5814",37.40,,Posted,824.44
"XXXXXX1009-S81",5/5/2022,,"Uncollected Fee of $34.00 is Due",,.00,Posted,.00
"XXXXXX1009-S81",5/5/2022,,"Courtesy Pay-Dbt",,.00,Posted,861.84
"XXXXXX1009-S81",5/5/2022,,"Withdrawal DEBIT CARD/GATTIS PIZZA CEDAR PARK CEDAR PARK TX Date 05/04/22 24632692125001009834282 Card 4969Merchant Category Code: 5812",25.05,,Posted,861.84
"XXXXXX1009-S81",5/5/2022,,"Uncollected Fee of $34.00 is Due",,.00,Posted,.00
"XXXXXX1009-S81",5/5/2022,,"Courtesy Pay-Dbt",,.00,Posted,886.89
"XXXXXX1009-S81",5/5/2022,,"Withdrawal DEBIT CARD/TEXACO 0359729 CEDAR PARK TX Date 05/04/22 24692162124100035764059 Card 2272Merchant Category Code: 5542",54.36,,Posted,886.89
"XXXXXX1009-S81",5/5/2022,,"Uncollected Fee of $34.00 is Due",,.00,Posted,.00
"XXXXXX1009-S81",5/5/2022,,"Courtesy Pay-Dbt",,.00,Posted,941.25
"XXXXXX1009-S81",5/5/2022,,"Withdrawal DEBIT CARD/MCDONALD'S F10171 CEDAR PARK TX Date 05/04/22 24427332124720241747126 Card 2272Merchant Category Code: 5814",13.06,,Posted,941.25
"XXXXXX1009-S81",5/5/2022,,"Uncollected Fee of $34.00 is Due",,.00,Posted,.00
"XXXXXX1009-S81",5/5/2022,,"Courtesy Pay-Dbt",,.00,Posted,954.31
"XXXXXX1009-S81",5/5/2022,,"Withdrawal DEBIT CARD/GREAT AMERICAN COOKIES AN LEANDER TX Date 05/03/22 24207852124030601465522 Card 4969Merchant Category Code: 5499",20.96,,Posted,954.31
"XXXXXX1009-S81",5/4/2022,,"Uncollected Fee of $34.00 is Due",,.00,Posted,.00
"XXXXXX1009-S81",5/4/2022,,"Courtesy Pay-Ck",,.00,Posted,975.27
"XXXXXX1009-S81",5/4/2022,2529,"Check 2529 Tracer 816000000415245",429.35,,Posted,975.27
"XXXXXX1009-S81",5/4/2022,,"Uncollected Fee of $34.00 is Due",,.00,Posted,.00
"XXXXXX1009-S81",5/4/2022,,"Courtesy Pay-Ck",,.00,Posted,1404.62
"XXXXXX1009-S81",5/4/2022,2518,"Check 2518 Tracer 816000000415242",1350.00,,Posted,1404.62
"XXXXXX1009-S81",5/4/2022,2516,"Check 2516 Tracer 816000000414025",100.00,,Posted,2754.62
"XXXXXX1009-S81",5/4/2022,,"Withdrawal DEBIT CARD/RANDALLS #3145 LEANDER TX Date 05/03/22 24231682124837001356015 Card 4969Merchant Category Code: 5411",142.37,,Posted,2854.62
"XXXXXX1009-S81",5/4/2022,,"Withdrawal DEBIT CARD/CINEPOLIS TX - WEB 972-993-1533 TX Date 05/04/22 24692162124100556057214 Card 4969Merchant Category Code: 7832",64.92,,Posted,2996.99
"XXXXXX1009-S81",5/4/2022,,"Withdrawal DEBIT CARD/CITY OF LEANDER UTILITY 512-5282700 TX Date 05/03/22 24755422124641243361693 Card 4969Merchant Category Code: 4900",262.63,,Posted,3061.91
"XXXXXX1009-S81",5/4/2022,,"Withdrawal DEBIT CARD/MUNICIPAL ONLINE PAYMENTS 844-7244507 TX Date 05/03/22 24755422124641242278799 Card 4969Merchant Category Code: 7372",1.25,,Posted,3324.54
"XXXXXX1009-S81",5/4/2022,,"Withdrawal DEBIT CARD/QUINTA CAPORALES MEAT AUSTIN TX Date 05/03/22 24765012124400024000245 Card 2272Merchant Category Code: 5411",75.42,,Posted,3325.79
"XXXXXX1009-S81",5/4/2022,,"Withdrawal POS #212414919361/POS WALGREENS STORE 1505 W WH CEDAR PARK TX Card 2272Merchant Category Code: 5912",51.00,,Posted,3401.21
"XXXXXX1009-S81",5/4/2022,,"Withdrawal DEBIT CARD/EXXONMOBIL 99760365 AUSTIN TX Date 05/03/22 24164052124837008115858 Card 2272Merchant Category Code: 5541",41.04,,Posted,3452.21
"XXXXXX1009-S81",5/4/2022,,"Withdrawal ACH BKAMERICA/TYPE: IC PAYMENT ID: 1409936115 CO: BKAMERICA",877.05,,Posted,3493.25
"XXXXXX1009-S81",5/4/2022,,"Withdrawal ACH ATT/TYPE: Payment ID: 9864031005 CO: ATT NAME: UHCU",84.19,,Posted,4370.30
"XXXXXX1009-S81",5/4/2022,,"Withdrawal ACH AMERICAN GEN LIF/TYPE: INS PAYMT ID: 4250598210 CO: AMERICAN GEN LIF",44.54,,Posted,4454.49
"XXXXXX1009-S81",5/4/2022,,"Withdrawal ACH INTUIT 22286445/TYPE: TRAN FEE ID: 9215986202 CO: INTUIT 22286445",12.81,,Posted,4499.03
"XXXXXX1009-S81",5/4/2022,,"Deposit ACH INTUIT 57353165/TYPE: DEPOSIT ID: 9215986202 CO: INTUIT 57353165",,433.00,Posted,4511.84
"XXXXXX1009-S81",5/4/2022,,"Withdrawal DEBIT CARD/RENKEN DENTISTRY OF CRYS 2174837177 TX Date 05/03/22 24801972123726237396299 Card 4969Merchant Category Code: 8021",19.22,,Posted,4078.84
"XXXXXX1009-S81",5/3/2022,,"Withdrawal DEBIT CARD/CHEVRON 0175485 AUSTIN TX Date 05/03/22 24692162123100082019564 Card 2272Merchant Category Code: 5542",53.01,,Posted,4098.06
"XXXXXX1009-S81",5/3/2022,2519,"Check 2519 Tracer 815900000525730",1000.00,,Posted,4151.07
"XXXXXX1009-S81",5/3/2022,2530,"Check 2530 Tracer 815900000474001",936.00,,Posted,5151.07
"XXXXXX1009-S81",5/3/2022,,"Withdrawal POS #212300138771/POS 7-ELEVEN 1711-A W Hwy 290 US Spri TX Card 0001Merchant Category Code: 5542",26.49,,Posted,6087.07
"XXXXXX1009-S81",5/3/2022,,"Withdrawal POS #212314465755/POS H-E-B #029 W LAKE HILLS TX Card 0718 Merchant Category Code: 5411",.75,,Posted,6113.56
"XXXXXX1009-S81",5/3/2022,,"Withdrawal POS #212314094532/POS H-E-B #029 W LAKE HILLS TX Card 0718 Merchant Category Code: 5411",61.52,,Posted,6114.31
"XXXXXX1009-S81",5/3/2022,2528,"Check 2528 Tracer 815900000414001",1280.00,,Posted,6175.83
"XXXXXX1009-S81",5/3/2022,2523,"Check 2523 Tracer 815900000306001",2050.00,,Posted,7455.83
"XXXXXX1009-S81",5/3/2022,2524,"Check 2524 Tracer 815900000074001",2500.00,,Posted,9505.83
"XXXXXX1009-S81",5/3/2022,,"Withdrawal ACH Pedernales Elect/TYPE: WEB PMTS ID: 9000366457 DATA: 830-868-7155 CO: Pedernales Elect NAME: Martha Hernandez",245.85,,Posted,12005.83
"XXXXXX1009-S81",5/3/2022,,"Withdrawal ACH CAPITAL ONE/TYPE: MOBILE PMT ID: 9279744980 CO: CAPITAL ONE",100.00,,Posted,12251.68
"XXXXXX1009-S81",5/3/2022,,"Withdrawal ACH INTUIT 16318385/TYPE: TRAN FEE ID: 9215986202 CO: INTUIT 16318385",9.67,,Posted,12351.68
"XXXXXX1009-S81",5/3/2022,,"Withdrawal DEBIT CARD/DD DOORDASH JERSEYMIK 855-973-1040 CA Date 05/03/22 24492152123715317056108 Card 4969Merchant Category Code: 5812",29.23,,Posted,12361.35
"XXXXXX1009-S81",5/3/2022,,"Deposit ACH INTUIT 50654415/TYPE: DEPOSIT ID: 9215986202 CO: INTUIT 50654415",,324.75,Posted,12390.58
"XXXXXX1009-S81",5/3/2022,,"Withdrawal POS #212300380911/POS 7-ELEVEN 2620 LAKE AUSTIN B US TX Card 2675Merchant Category Code: 5541",80.00,,Posted,12065.83
"XXXXXX1009-S81",5/3/2022,,"Withdrawal POS #212300076663/POS 7-ELEVEN 1870 S. Bagdad Roa US TX Card 2675Merchant Category Code: 5542",62.51,,Posted,12145.83
"XXXXXX1009-S81",5/3/2022,,"Withdrawal DEBIT CARD/H-E-B #029 WEST LAKE HIL TX Date 05/02/22 24427332122740275689095 Card 0001Merchant Category Code: 5411",94.67,,Posted,12208.34
"XXXXXX1009-S81",5/3/2022,,"Withdrawal DEBIT CARD/LA CHAPARRITA MEAT MARKET LEANDER TX Date 05/01/22 24122592122030025973792 Card 2272Merchant Category Code: 5411",43.08,,Posted,12303.01
"XXXXXX1009-S81",5/3/2022,,"Withdrawal DEBIT CARD/LOC CITIZENS*308205382 401-2825259 CT Date 05/01/22 24638572122016026019700 Card 4969Merchant Category Code: 6012",63.76,,Posted,12346.09
"XXXXXX1009-S81",5/2/2022,,"Withdrawal Bill Payment #212216992609/BP APPLE COM BILL CUPERTINO CA Card 2272 Merchant Category Code: 4899",14.06,,Posted,12409.85
"XXXXXX1009-S81",5/2/2022,,"Deposit ACH ACCENTURE LLP/TYPE: PAYMENTS ID: 8975729001 CO: ACCENTURE LLP",,8871.09,Posted,12423.91
"XXXXXX1009-S81",5/2/2022,,"Deposit Transfer From Share 00/Funds Transfer via Online",,3000.00,Posted,3552.82
"XXXXXX1009-S81",5/2/2022,2517,"Check 2517 Tracer 815800000421001",1280.00,,Posted,552.82
"XXXXXX1009-S81",5/2/2022,,"Withdrawal POS #212213082479/POS SHELL SERVICE STATION AUSTIN TX Card 2272 Merchant Category Code: 5542",54.32,,Posted,1832.82
"XXXXXX1009-S81",5/2/2022,,"Withdrawal DEBIT CARD/DD DOORDASH GINOSITAL 855-973-1040 CA Date 05/02/22 24492152122713183176630 Card 4969Merchant Category Code: 5812",44.95,,Posted,1887.14
"XXXXXX1009-S81",5/2/2022,,"Withdrawal DEBIT CARD/TACO BELL #030096 LEANDER TX Date 05/01/22 24943002122838002760777 Card 4969Merchant Category Code: 5814",26.10,,Posted,1932.09
"XXXXXX1009-S81",5/2/2022,,"Deposit Reconciled 0000031",,.00,Posted,.00
"XXXXXX1009-S81",5/2/2022,,"Deposit Bulk/Checks 270.63 Check Count 1 Deposit Number 0000031",,270.63,Posted,1958.19
"XXXXXX1009-S81",5/2/2022,,"Withdrawal DEBIT CARD/WALGREENS #7061 CEDAR PARK TX Date 05/01/22 24445002122000648303347 Card 2272Merchant Category Code: 5912",62.22,,Posted,1687.56
"XXXXXX1009-S81",5/2/2022,,"Withdrawal ACH BCBS HEALTH HPS/TYPE: 8007928595 ID: 1361236610 CO: BCBS HEALTH HPS NAME: MARTHA HERNANDEZ MARTH",866.28,,Posted,1749.78
"XXXXXX1009-S81",5/2/2022,,"Withdrawal ACH Financial Pacifi/TYPE: LEASE PYMT ID: 9118771358 CO: Financial Pacifi",524.83,,Posted,2616.06
"XXXXXX1009-S81",5/2/2022,,"Withdrawal ACH BCBS HEALTH HPS/TYPE: 8007928595 ID: 1361236610 CO: BCBS HEALTH HPS",498.66,,Posted,3140.89
"XXXXXX1009-S81",5/2/2022,,"Withdrawal ACH NAVIENT/TYPE: NAVI DEBIT ID: 3520974271 DATA: LSC/F ------ CO: NAVIENT",204.90,,Posted,3639.55
"XXXXXX1009-S81",5/2/2022,,"Withdrawal DEBIT CARD/SHELL OIL 10012713003 AUSTIN TX Date 04/30/22 24316052121548382853119 Card 2272Merchant Category Code: 5541",39.12,,Posted,3844.45
"XXXXXX1009-S81",5/1/2022,,"Withdrawal DEBIT CARD/TACO CABANA 20254 CEDAR PARK TX Date 04/30/22 24231682121091000213834 Card 4969Merchant Category Code: 5814",50.80,,Posted,3883.57
"XXXXXX1009-S81",5/1/2022,,"Withdrawal POS #212113216990/POS H-E-B #029 W LAKE HILLS TX Card 0718 Merchant Category Code: 5411",43.88,,Posted,3934.37
"XXXXXX1009-S81",5/1/2022,,"Withdrawal DEBIT CARD/TST* The Garden at the 70 AUSTIN TX Date 04/30/22 24692162121100786691454 Card 2272Merchant Category Code: 5812",160.98,,Posted,3978.25
"XXXXXX1009-S81",5/1/2022,,"Withdrawal DEBIT CARD/LOTUS HUNAN AUSTIN TX Date 04/30/22 24013392120003324617096 Card 0718Merchant Category Code: 5812",71.10,,Posted,4139.23
"XXXXXX1009-S81",4/30/2022,,"Withdrawal TRANSACTION FEES",41.50,,Posted,4210.33
"XXXXXX1009-S81",4/30/2022,,"Withdrawal LOW BALANCE FEE",6.00,,Posted,4251.83
"XXXXXX1009-S81",4/30/2022,,"Deposit Reconciled 0000032",,.00,Posted,.00
"XXXXXX1009-S81",4/30/2022,,"Deposit Bulk/Checks 1,706.02 Check Count 2 Deposit Number 0000032",,1706.02,Posted,4257.83
"XXXXXX1009-S81",4/30/2022,,"Withdrawal DEBIT CARD/TST* Buenos Aires Cafe - Austin TX Date 04/29/22 24692162120100955113521 Card 2272Merchant Category Code: 5812",194.16,,Posted,2551.81
"XXXXXX1009-S81",4/30/2022,,"Withdrawal POS #212010216487/POS LOWE'S #2774 LEANDER TX Card 2675 Merchant Category Code: 5200",42.20,,Posted,2745.97
"XXXXXX1009-S81",4/30/2022,,"Withdrawal DEBIT CARD/H-E-B GAS/CAR WASH#224 SAN ANTONIO TX Date 04/29/22 24427332119740289171028 Card 4969Merchant Category Code: 5542",35.83,,Posted,2788.17
"XXXXXX1009-S81",4/30/2022,,"Withdrawal DEBIT CARD/CHICK-FIL-A #01136 512-329-9171 TX Date 04/28/22 24427332119710008239711 Card 0718Merchant Category Code: 5814",37.81,,Posted,2824.00
"XXXXXX1009-S81",4/29/2022,,"Withdrawal POS #211919979283/POS H-E-B #265 CEDAR PARK TX Card 2272 Merchant Category Code: 5411",150.61,,Posted,2861.81
"XXXXXX1009-S81",4/29/2022,,"Withdrawal at ATM #211920872412/ATM M186166 10815 RR2222 AUSTIN TX Card 2272 Merchant Category Code: 6011",500.00,,Posted,3012.42
"XXXXXX1009-S81",4/29/2022,,"Withdrawal DEBIT CARD/SHELL OIL 57546015504 CEDAR PARK TX Date 04/28/22 24316052119548879555478 Card 2272Merchant Category Code: 5541",20.87,,Posted,3512.42
"XXXXXX1009-S81",4/29/2022,,"Withdrawal DEBIT CARD/HARMONY DENTAL WELLNESS AUSTIN TX Date 04/28/22 24269792119500583343632 Card 2272Merchant Category Code: 8021",233.00,,Posted,3533.29
"XXXXXX1009-S81",4/29/2022,,"Withdrawal DEBIT CARD/BLAZE PIZZA - 1090 - AUST 858-458-9753 Date 04/28/22 24269792119500583324418 Card 4969Merchant Category Code: 5812",58.29,,Posted,3766.29
"XXXXXX1009-S81",4/29/2022,,"Withdrawal POS #211911151697/POS SHELL SERVICE STATION ROUND ROCK TX Card 2272 Merchant Category Code: 5542",100.00,,Posted,3824.58
"XXXXXX1009-S81",4/29/2022,,"Withdrawal POS #211962228701/POS NST THE HOME DEPOT 000382 2700 WHITESTONE BLVD CEDAR PARK TX Card 2272Merchant Category Code: 5200",178.15,,Posted,3924.58
"XXXXXX1009-S81",4/29/2022,,"Withdrawal ACH ADP PAYROLL FEES/TYPE: ADP - FEES ID: 9659605001 DATA: OT CO: ADP PAYROLL FEES",82.42,,Posted,4102.73
"XXXXXX1009-S81",4/29/2022,,"Withdrawal DEBIT CARD/TST* PINTHOUSE PIZZA - BU AUSTIN TX Date 04/28/22 24137462119001255638334 Card 2272Merchant Category Code: 5812",10.00,,Posted,4185.15
"XXXXXX1009-S81",4/29/2022,,"Withdrawal DEBIT CARD/TST* PINTHOUSE PIZZA - BU AUSTIN TX Date 04/28/22 24137462119001255638250 Card 2272Merchant Category Code: 5812",28.01,,Posted,4195.15
"XXXXXX1009-S81",4/29/2022,,"Withdrawal DEBIT CARD/COTHRONS SAFE AND LOCK - ROUND ROCK TX Date 04/27/22 24122592118018013715719 Card 2272Merchant Category Code: 7399",18.49,,Posted,4223.16
"XXXXXX1009-S81",4/29/2022,,"Uncollected Fee/Due since 04/28/22 - Courtesy Pay-Dbt",34.00,,Posted,4241.65
"XXXXXX1009-S81",4/29/2022,,"Uncollected Fee/Due since 04/28/22 - Courtesy Pay-ACH",34.00,,Posted,4275.65
"XXXXXX1009-S81",4/29/2022,,"Uncollected Fee/Due since 04/28/22 - Courtesy Pay-Dbt",34.00,,Posted,4309.65
"XXXXXX1009-S81",4/29/2022,,"Uncollected Fee/Due since 04/28/22 - Courtesy Pay-Dbt",34.00,,Posted,4343.65
"XXXXXX1009-S81",4/29/2022,,"Uncollected Fee/Due since 04/28/22 - Courtesy Pay-Dbt",34.00,,Posted,4377.65
"XXXXXX1009-S81",4/29/2022,,"Uncollected Fee/Due since 04/28/22 - Courtesy Pay-Dbt",34.00,,Posted,4411.65
"XXXXXX1009-S81",4/29/2022,,"Uncollected Fee/Due since 04/27/22 - Courtesy Pay-Dbt",34.00,,Posted,4445.65
"XXXXXX1009-S81",4/29/2022,,"Uncollected Fee/Due since 04/27/22 - Courtesy Pay-Dbt",34.00,,Posted,4479.65
"XXXXXX1009-S81",4/29/2022,,"Uncollected Fee/Due since 04/27/22 - Courtesy Pay-ACH",34.00,,Posted,4513.65
"XXXXXX1009-S81",4/29/2022,,"Uncollected Fee/Due since 04/27/22 - Courtesy Pay-ACH",34.00,,Posted,4547.65
"XXXXXX1009-S81",4/28/2022,,"Withdrawal POS #211814084258/POS SHELL SERVICE STATION AUSTIN TX Card 2272 Merchant Category Code: 5542",54.18,,Posted,4581.65
"XXXXXX1009-S81",4/28/2022,,"Deposit Reconciled 0000031",,.00,Posted,.00
"XXXXXX1009-S81",4/28/2022,,"Deposit Bulk/Checks 5,980.17 Check Count 3 Deposit Number 0000031",,5980.17,Posted,4635.83
"XXXXXX1009-S81",4/28/2022,,"Uncollected Fee of $34.00 is Due",,.00,Posted,.00
"XXXXXX1009-S81",4/28/2022,,"Courtesy Pay-Dbt",,.00,Posted,-1344.34
"XXXXXX1009-S81",4/28/2022,,"Withdrawal POS #211811176159/POS QT 4143 CEDAR PARK TX Card 4969 Merchant Category Code: 5542",74.70,,Posted,-1344.34
"XXXXXX1009-S81",4/28/2022,,"Uncollected Fee of $34.00 is Due",,.00,Posted,.00
"XXXXXX1009-S81",4/28/2022,,"Courtesy Pay-ACH",,.00,Posted,-1269.64
"XXXXXX1009-S81",4/28/2022,,"Withdrawal ACH ATMOS ENERGY RCR/TYPE: UTIL PYMT ID: 9000000091 CO: ATMOS ENERGY RCR NAME: MARTHA HERNANDEZ",78.86,,Posted,-1269.64
"XXXXXX1009-S81",4/28/2022,,"Uncollected Fee of $34.00 is Due",,.00,Posted,.00
"XXXXXX1009-S81",4/28/2022,,"Courtesy Pay-Dbt",,.00,Posted,-1190.78
"XXXXXX1009-S81",4/28/2022,,"Withdrawal DEBIT CARD/POPEYES 11676 / 308 AUSTIN TX Date 04/27/22 24231682118400000107828 Card 2272Merchant Category Code: 5814",38.42,,Posted,-1190.78
"XXXXXX1009-S81",4/28/2022,,"Uncollected Fee of $34.00 is Due",,.00,Posted,.00
"XXXXXX1009-S81",4/28/2022,,"Courtesy Pay-Dbt",,.00,Posted,-1152.36
"XXXXXX1009-S81",4/28/2022,,"Withdrawal POS #211884011800/POS 7-ELEVEN 36630 7844 BURNET RD AUSTIN TX Card 2675Merchant Category Code: 5542",54.55,,Posted,-1152.36
"XXXXXX1009-S81",4/28/2022,,"Uncollected Fee of $34.00 is Due",,.00,Posted,.00
"XXXXXX1009-S81",4/28/2022,,"Courtesy Pay-Dbt",,.00,Posted,-1097.81
"XXXXXX1009-S81",4/28/2022,,"Withdrawal DEBIT CARD/CHEVRON 0309325 AUSTIN TX Date 04/28/22 24692162118100143622106 Card 2272Merchant Category Code: 5541",4.18,,Posted,-1097.81
"XXXXXX1009-S81",4/28/2022,,"Uncollected Fee of $34.00 is Due",,.00,Posted,.00
"XXXXXX1009-S81",4/28/2022,,"Courtesy Pay-Dbt",,.00,Posted,-1093.63
"XXXXXX1009-S81",4/28/2022,,"Withdrawal DEBIT CARD/H-E-B #265 CEDAR PARK TX Date 04/27/22 24427332117740280711857 Card 4969Merchant Category Code: 5411",118.58,,Posted,-1093.63
"XXXXXX1009-S81",4/27/2022,,"Uncollected Fee of $34.00 is Due",,.00,Posted,.00
"XXXXXX1009-S81",4/27/2022,,"Courtesy Pay-Dbt",,.00,Posted,-975.05
"XXXXXX1009-S81",4/27/2022,,"Withdrawal Bill Payment #211721026828/BP FORTIVA 855-802-5572 GA Card 4969 Merchant Category Code: 6051",43.85,,Posted,-975.05
"XXXXXX1009-S81",4/27/2022,,"Uncollected Fee of $34.00 is Due",,.00,Posted,.00
"XXXXXX1009-S81",4/27/2022,,"Courtesy Pay-Dbt",,.00,Posted,-931.20
"XXXXXX1009-S81",4/27/2022,,"Withdrawal POS #211700337906/POS 7-ELEVEN 2820 S Lamar US Austin TX Card 2675 Merchant Category Code: 5542",17.45,,Posted,-931.20
"XXXXXX1009-S81",4/27/2022,,"Uncollected Fee of $34.00 is Due",,.00,Posted,.00
"XXXXXX1009-S81",4/27/2022,,"Courtesy Pay-ACH",,.00,Posted,-913.75
"XXXXXX1009-S81",4/27/2022,,"Withdrawal ACH ATT/TYPE: Payment ID: 9864031004 CO: ATT",732.91,,Posted,-913.75
"XXXXXX1009-S81",4/27/2022,,"Uncollected Fee of $34.00 is Due",,.00,Posted,.00
"XXXXXX1009-S81",4/27/2022,,"Courtesy Pay-ACH",,.00,Posted,-180.84
"XXXXXX1009-S81",4/27/2022,,"Withdrawal ACH ALLY/TYPE: ALLY PAYMT ID: 9833122002 CO: ALLY",509.98,,Posted,-180.84
"XXXXXX1009-S81",4/27/2022,,"Withdrawal DEBIT CARD/COTHRONS SAFE AND LOCK - AUSTIN TX Date 04/25/22 24122592116018013680220 Card 2272Merchant Category Code: 7399",15.46,,Posted,329.14
"XXXXXX1009-S81",4/27/2022,,"Uncollected Fee/Due since 04/26/22 - Courtesy Pay-Dbt",34.00,,Posted,344.60
"XXXXXX1009-S81",4/27/2022,,"Uncollected Fee/Due since 04/26/22 - Courtesy Pay-Dbt",34.00,,Posted,378.60
"XXXXXX1009-S81",4/27/2022,,"Uncollected Fee/Due since 04/26/22 - Overdrawn ACH",34.00,,Posted,412.60
"XXXXXX1009-S81",4/27/2022,,"Uncollected Fee/Due since 04/26/22 - Overdrawn ACH",34.00,,Posted,446.60
"XXXXXX1009-S81",4/27/2022,,"Uncollected Fee/Due since 04/26/22 - Courtesy Pay-ACH",34.00,,Posted,480.60
"XXXXXX1009-S81",4/27/2022,,"Uncollected Fee/Due since 04/26/22 - Courtesy Pay-Dbt",34.00,,Posted,514.60
"XXXXXX1009-S81",4/27/2022,,"Uncollected Fee/Due since 04/26/22 - Courtesy Pay-Dbt",34.00,,Posted,548.60
"XXXXXX1009-S81",4/27/2022,,"Uncollected Fee/Due since 04/26/22 - Courtesy Pay-Dbt",34.00,,Posted,582.60
"XXXXXX1009-S81",4/27/2022,,"Uncollected Fee/Due since 04/26/22 - Courtesy Pay-Dbt",34.00,,Posted,616.60
"XXXXXX1009-S81",4/27/2022,,"Uncollected Fee/Due since 04/26/22 - Courtesy Pay-Dbt",34.00,,Posted,650.60
"XXXXXX1009-S81",4/27/2022,,"Uncollected Fee/Due since 04/26/22 - Courtesy Pay-Dbt",34.00,,Posted,684.60
"XXXXXX1009-S81",4/27/2022,,"Uncollected Fee/Due since 04/26/22 - Courtesy Pay-Dbt",34.00,,Posted,718.60
"XXXXXX1009-S81",4/27/2022,,"Uncollected Fee/Due since 04/26/22 - Courtesy Pay-Dbt",34.00,,Posted,752.60
"XXXXXX1009-S81",4/27/2022,,"Uncollected Fee/Due since 04/26/22 - Courtesy Pay-Dbt",34.00,,Posted,786.60
"XXXXXX1009-S81",4/27/2022,,"Uncollected Fee/Due since 04/25/22 - Courtesy Pay-Ck",34.00,,Posted,820.60
"XXXXXX1009-S81",4/26/2022,,"Withdrawal POS #211635765834/POS NNT LAKE LINE FOOD 831229 1075 N LINE BLVD 1 CEDAR PARK TX Card 2272Merchant Category Code: 5999",24.01,,Posted,854.60
"XXXXXX1009-S81",4/26/2022,,"Withdrawal ATM Fee/ATM Wells Fargo Ban 920 N Lakeline Blvd Cedar Park TX Card 2272Merchant Category Code: 6011",1.00,,Posted,878.61
"XXXXXX1009-S81",4/26/2022,,"Withdrawal at ATM #211609405671/ATM Wells Fargo Ban 920 N Lakeline Blvd Cedar Park TX Card 2272Merchant Category Code: 6011",403.00,,Posted,879.61
"XXXXXX1009-S81",4/26/2022,,"Deposit Transfer From Share 00/Funds Transfer via Online",,3000.00,Posted,1282.61
"XXXXXX1009-S81",4/26/2022,,"Uncollected Fee of $34.00 is Due",,.00,Posted,.00
"XXXXXX1009-S81",4/26/2022,,"Courtesy Pay-Dbt",,.00,Posted,-1717.39
"XXXXXX1009-S81",4/26/2022,,"Withdrawal DEBIT CARD/VIVINT INC/US 800-216-5232 UT Date 04/26/22 24430992116083334367500 Card 4969Merchant Category Code: 7393",61.13,,Posted,-1717.39
"XXXXXX1009-S81",4/26/2022,,"Uncollected Fee of $34.00 is Due",,.00,Posted,.00
"XXXXXX1009-S81",4/26/2022,,"Courtesy Pay-Dbt",,.00,Posted,-1656.26
"XXXXXX1009-S81",4/26/2022,,"Withdrawal POS #211600921470/POS 7-ELEVEN 3625 Bee Cave Rd US Austin Card 2675 Merchant Category Code: 5542",40.35,,Posted,-1656.26
"XXXXXX1009-S81",4/26/2022,,"Uncollected Fee of $34.00 is Due",,.00,Posted,.00
"XXXXXX1009-S81",4/26/2022,,"Overdrawn ACH/IRS",,.00,Posted,-1615.91
"XXXXXX1009-S81",4/26/2022,,"Uncollected Fee of $34.00 is Due",,.00,Posted,.00
"XXXXXX1009-S81",4/26/2022,,"Overdrawn ACH/IRS",,.00,Posted,-1615.91
"XXXXXX1009-S81",4/26/2022,,"Uncollected Fee of $34.00 is Due",,.00,Posted,.00
"XXXXXX1009-S81",4/26/2022,,"Courtesy Pay-ACH",,.00,Posted,-1615.91
"XXXXXX1009-S81",4/26/2022,,"Withdrawal ACH CITI CARD ONLINE/TYPE: PAYMENT ID: CITICTP CO: CITI CARD ONLINE NAME: MARTHA G HERNANDEZ",928.10,,Posted,-1615.91
"XXXXXX1009-S81",4/26/2022,,"Uncollected Fee of $34.00 is Due",,.00,Posted,.00
"XXXXXX1009-S81",4/26/2022,,"Courtesy Pay-Dbt",,.00,Posted,-687.81
"XXXXXX1009-S81",4/26/2022,,"Withdrawal DEBIT CARD/WHATABURGER 417 Q26 CEDAR PARK TX Date 04/24/22 24692162116100421691080 Card 4969Merchant Category Code: 5814",20.81,,Posted,-687.81
"XXXXXX1009-S81",4/26/2022,,"Uncollected Fee of $34.00 is Due",,.00,Posted,.00
"XXXXXX1009-S81",4/26/2022,,"Courtesy Pay-Dbt",,.00,Posted,-667.00
"XXXXXX1009-S81",4/26/2022,,"Withdrawal DEBIT CARD/JIMMY JOHNS - 832 AUSTIN TX Date 04/25/22 24269792116000952877511 Card 0718Merchant Category Code: 5814",35.97,,Posted,-667.00
"XXXXXX1009-S81",4/26/2022,,"Uncollected Fee of $34.00 is Due",,.00,Posted,.00
"XXXXXX1009-S81",4/26/2022,,"Courtesy Pay-Dbt",,.00,Posted,-631.03
"XXXXXX1009-S81",4/26/2022,,"Withdrawal DEBIT CARD/WALGREENS #7061 CEDAR PARK TX Date 04/25/22 24445002116000710478231 Card 0001Merchant Category Code: 5912",38.26,,Posted,-631.03
"XXXXXX1009-S81",4/26/2022,,"Uncollected Fee of $34.00 is Due",,.00,Posted,.00
"XXXXXX1009-S81",4/26/2022,,"Courtesy Pay-Dbt",,.00,Posted,-592.77
"XXXXXX1009-S81",4/26/2022,,"Withdrawal DEBIT CARD/H-E-B #265 CEDAR PARK TX Date 04/25/22 24427332115740274252902 Card 4969Merchant Category Code: 5411",150.92,,Posted,-592.77
"XXXXXX1009-S81",4/26/2022,,"Uncollected Fee of $34.00 is Due",,.00,Posted,.00
"XXXXXX1009-S81",4/26/2022,,"Courtesy Pay-Dbt",,.00,Posted,-441.85
"XXXXXX1009-S81",4/26/2022,,"Withdrawal DEBIT CARD/EL RINCONCITO SALVADORENO AUSTIN TX Date 04/24/22 24036282115017012745269 Card 2272Merchant Category Code: 5814",4.33,,Posted,-441.85
"XXXXXX1009-S81",4/26/2022,,"Uncollected Fee of $34.00 is Due",,.00,Posted,.00
"XXXXXX1009-S81",4/26/2022,,"Courtesy Pay-Dbt",,.00,Posted,-437.52
"XXXXXX1009-S81",4/26/2022,,"Withdrawal DEBIT CARD/EL RINCONCITO SALVADORENO AUSTIN TX Date 04/24/22 24036282115017012745582 Card 2272Merchant Category Code: 5814",66.83,,Posted,-437.52
"XXXXXX1009-S81",4/26/2022,,"Uncollected Fee of $34.00 is Due",,.00,Posted,.00
"XXXXXX1009-S81",4/26/2022,,"Courtesy Pay-Dbt",,.00,Posted,-370.69
"XXXXXX1009-S81",4/26/2022,,"Withdrawal POS #211521831334/POS H-E-B #024 AUSTIN TX Card 2272 Merchant Category Code: 5411",30.81,,Posted,-370.69
"XXXXXX1009-S81",4/26/2022,,"Uncollected Fee of $34.00 is Due",,.00,Posted,.00
"XXXXXX1009-S81",4/26/2022,,"Courtesy Pay-Dbt",,.00,Posted,-339.88
"XXXXXX1009-S81",4/26/2022,,"Withdrawal DEBIT CARD/JIFFY LUBE 3036 AUSTIN TX Date 04/25/22 24231682115837000606890 Card 2675Merchant Category Code: 7538",113.71,,Posted,-339.88
"XXXXXX1009-S81",4/26/2022,,"Uncollected Fee of $34.00 is Due",,.00,Posted,.00
"XXXXXX1009-S81",4/26/2022,,"Courtesy Pay-Dbt",,.00,Posted,-226.17
"XXXXXX1009-S81",4/26/2022,,"Withdrawal DEBIT CARD/USCRAFT LLC LOS ANGELES CA Date 04/25/22 24231682115200000208383 Card 2272Merchant Category Code: 5399",193.00,,Posted,-226.17
"XXXXXX1009-S81",4/25/2022,,"Uncollected Fee of $34.00 is Due",,.00,Posted,.00
"XXXXXX1009-S81",4/25/2022,,"Courtesy Pay-Ck",,.00,Posted,-33.17
"XXXXXX1009-S81",4/25/2022,50131,"Check 50131 Tracer 815100000338681",1742.35,,Posted,-33.17
"XXXXXX1009-S81",4/25/2022,,"Deposit Transfer From Loan 00",,112.19,Posted,1709.18
"XXXXXX1009-S81",4/25/2022,2515,"Check 2515 Tracer 815100000338687",2700.00,,Posted,1596.99
"XXXXXX1009-S81",4/25/2022,2514,"Check 2514 Tracer 815100000338688",2700.00,,Posted,4296.99
"XXXXXX1009-S81",4/25/2022,,"Withdrawal DEBIT CARD/FWB CEDAR PARK 512-428-6802 TX Date 04/25/22 24692162115100907257928 Card 4969Merchant Category Code: 5814",37.84,,Posted,6996.99
"XXXXXX1009-S81",4/25/2022,,"Withdrawal DEBIT CARD/PAYPAL *HITECHPOWER HIT 402-935-7733 CA Date 04/24/22 24492152114894680906180 Card 4969Merchant Category Code: 4816",718.75,,Posted,7034.83
"XXXXXX1009-S81",4/25/2022,,"Withdrawal DEBIT CARD/M VINCE NAIL SPA AUSTIN TX Date 04/24/22 24829042114900018108535 Card 0001Merchant Category Code: 7230",198.00,,Posted,7753.58
"XXXXXX1009-S81",4/25/2022,,"Withdrawal ACH KRISTY R. CORTEZ/TYPE: SALE ID: 9215986202 CO: KRISTY R. CORTEZ",605.00,,Posted,7951.58
"XXXXXX1009-S81",4/25/2022,,"Withdrawal DEBIT CARD/COTHRONS SAFE AND LOCK - AUSTIN TX Date 04/22/22 24122592114018014406429 Card 2272Merchant Category Code: 7399",138.55,,Posted,8556.58
"XXXXXX1009-S81",4/25/2022,,"Withdrawal POS #211500074960/POS 7-ELEVEN 1870 S. Bagdad Roa US TX Card 2675Merchant Category Code: 5542",59.18,,Posted,8695.13
"XXXXXX1009-S81",4/24/2022,,"Withdrawal DEBIT CARD/REID'S LAUNDRY &amp; DRY # 3 AUSTIN TX Date 04/23/22 24275472114170302066744 Card 2272Merchant Category Code: 7210",35.99,,Posted,8754.31
"XXXXXX1009-S81",4/24/2022,,"Withdrawal DEBIT CARD/SQ *SANA VIDA WELLNESS CE gosq.com TX Date 04/24/22 24692162114100321191720 Card 4969Merchant Category Code: 8011",149.00,,Posted,8790.30
"XXXXXX1009-S81",4/24/2022,,"Withdrawal POS #211416550154/POS WALGREENS STORE 905 CRYST LEANDER TX Card 4969 Merchant Category Code: 5912",22.32,,Posted,8939.30
"XXXXXX1009-S81",4/24/2022,,"Withdrawal DEBIT CARD/TST* Mighty Fine Burgers Cedar Park TX Date 04/23/22 24692162114100903609339 Card 0001Merchant Category Code: 5812",48.05,,Posted,8961.62
"XXXXXX1009-S81",4/23/2022,,"Withdrawal DEBIT CARD/PAYPAL *HITECHPOWER HITEC 402-935-7733 Date 04/22/22 24492152113852606984922 Card 4969Merchant Category Code: 4816",3000.00,,Posted,9009.67
"XXXXXX1009-S81",4/23/2022,,"Withdrawal POS #211314912249/POS H-E-B GAS/CARWASH #659 AUSTIN TX Card 0001 Merchant Category Code: 5542",53.33,,Posted,12009.67
"XXXXXX1009-S81",4/23/2022,2508,"Check 2508 Tracer 814900000283001",892.50,,Posted,12063.00
"XXXXXX1009-S81",4/23/2022,,"Withdrawal POS #211330323801/POS NST THE HOME DEPOT 001012 3600 RM SOUTH BEE CAVES TX Card 2272Merchant Category Code: 5200",28.11,,Posted,12955.50
"XXXXXX1009-S81",4/23/2022,,"Withdrawal POS #211353274500/POS 7-ELEVEN 36596 1801 S LAKELINE BLVD CEDAR PARK TX Card 2272Merchant Category Code: 5542",40.04,,Posted,12983.61
"XXXXXX1009-S81",4/23/2022,,"Withdrawal POS #211310979150/POS H-E-B GAS #451 AUSTIN TX Card 0718 Merchant Category Code: 5542",60.68,,Posted,13023.65
"XXXXXX1009-S81",4/23/2022,,"Withdrawal Bill Payment #211326100185/BP CULLIGAN/ULTRAPURE WAT 507-200-0820 Card 2272 Merchant Category Code: 4900",306.94,,Posted,13084.33
"XXXXXX1009-S81",4/23/2022,,"Withdrawal DEBIT CARD/VIVINT INC/US 800-216-5232 UT Date 04/23/22 24430992113083751197631 Card 4969Merchant Category Code: 7393",39.48,,Posted,13391.27
"XXXXXX1009-S81",4/23/2022,,"Withdrawal DEBIT CARD/PAYPAL *HITECHPOWER HITEC 402-935-7733 Date 04/22/22 24492152112852587090013 Card 4969Merchant Category Code: 4816",212.50,,Posted,13430.75
"XXXXXX1009-S81",4/23/2022,,"Withdrawal DEBIT CARD/SALTGRASS AUSTIN AUSTIN TX Date 04/22/22 24943002113207688500066 Card 0001Merchant Category Code: 5812",298.66,,Posted,13643.25
"XXXXXX1009-S81",4/23/2022,,"Withdrawal DEBIT CARD/THE CROMEENS LAW FIRM HOUSTON TX Date 04/22/22 24559302112900011478626 Card 2272Merchant Category Code: 8111",360.00,,Posted,13941.91
"XXXXXX1009-S81",4/23/2022,,"Withdrawal DEBIT CARD/CITY OF CEDAR PARK 512-4015000 TX Date 04/22/22 24755422112641125369586 Card 0001Merchant Category Code: 4900",125.39,,Posted,14301.91
"XXXXXX1009-S81",4/23/2022,,"Withdrawal DEBIT CARD/PRO SERVE ENTERPRISE AUSTIN TX Date 04/21/22 24251382112030051232304 Card 2272Merchant Category Code: 2842",131.07,,Posted,14427.30
"XXXXXX1009-S81",4/23/2022,,"Withdrawal DEBIT CARD/KIM PAPER 512-973-0808 TX Date 04/21/22 24707802112030045671044 Card 2272Merchant Category Code: 7349",2575.56,,Posted,14558.37
"XXXXXX1009-S81",4/23/2022,,"Withdrawal POS #211351762553/POS NNT LAKE LINE FOOD 001523 1075 N LINE BLVD 1 CEDAR PARK TX Card 2272Merchant Category Code: 5999",27.35,,Posted,17133.93
"XXXXXX1009-S81",4/23/2022,,"Withdrawal DEBIT CARD/EL POLLO RICO 9 CEDAR PARK TX Date 04/21/22 24013392112002357405262 Card 2272Merchant Category Code: 5812",27.49,,Posted,17161.28
"XXXXXX1009-S81",4/22/2022,2513,"Check 2513 Tracer 814800000590827",3250.00,,Posted,17188.77
"XXXXXX1009-S81",4/22/2022,2488,"Check 2488 Tracer 814800000590979",2400.00,,Posted,20438.77
"XXXXXX1009-S81",4/22/2022,,"Withdrawal POS #211200295615/POS 7-ELEVEN 11643 RESEARCH BLV AUSTIN Card 0001 Merchant Category Code: 5541",32.03,,Posted,22838.77
"XXXXXX1009-S81",4/22/2022,,"Withdrawal POS #211298815701/POS NST THE HOME DEPOT 001353 2700 WHITESTONE BLVD CEDAR PARK TX Card 2272Merchant Category Code: 5200",10.80,,Posted,22870.80
"XXXXXX1009-S81",4/22/2022,,"Withdrawal Adjustment POS #211258620801/POS NST THE HOME DEPOT 000491 2700 WHITESTONE BLVD CEDAR PARK TX Card 2272Merchant Category Code: 5200",,21.59,Posted,22881.60
"XXXXXX1009-S81",4/22/2022,,"Withdrawal DEBIT CARD/DD DOORDASH BLAZEPIZZ 855-973-1040 CA Date 04/22/22 24492152112743851672851 Card 4969Merchant Category Code: 5812",72.64,,Posted,22860.01
"XXXXXX1009-S81",4/22/2022,,"Withdrawal Bill Payment #211226898009/BP SYNCB PAYMENT 800-613-9545 GA Card 0001 Merchant Category Code: 6012",354.00,,Posted,22932.65
"XXXXXX1009-S81",4/22/2022,,"Withdrawal POS #211215560201/POS NST THE HOME DEPOT 002602 11301 LAKELINE RD AUSTIN TX Card 2272Merchant Category Code: 5200",49.70,,Posted,23286.65
"XXXXXX1009-S81",4/22/2022,,"Deposit Reconciled 0000088",,.00,Posted,.00
"XXXXXX1009-S81",4/22/2022,,"Deposit Bulk/Checks 16,133.98 Check Count 1 Deposit Number 0000088",,16133.98,Posted,23336.35
"XXXXXX1009-S81",4/22/2022,,"Withdrawal POS #211200832361/POS 7-ELEVEN 6111 BEE CAVE RD AUSTIN TX Card 2272 Merchant Category Code: 5541",13.70,,Posted,7202.37
"XXXXXX1009-S81",4/22/2022,,"Deposit ACH Texas Windstrom/TYPE: PAYABLES ID: 2746189303 DATA: DYNAMICS EFT DEPOSIT CO: Texas Windstrom",,684.36,Posted,7216.07
"XXXXXX1009-S81",4/22/2022,,"Withdrawal DEBIT CARD/PIZZA HUT #1961 https://ipcha TX Date 04/21/22 24943002112400818000666 Card 4969Merchant Category Code: 5812",18.51,,Posted,6531.71
"XXXXXX1009-S81",4/22/2022,,"Withdrawal POS #211215643022/POS AT&amp;T G9TG 176553 WEST LAKE H TX Card 4969 Merchant Category Code: 4814",164.76,,Posted,6550.22
"XXXXXX1009-S81",4/22/2022,,"Withdrawal POS #211215402676/POS AT&amp;T G9TG 176553 WEST LAKE H TX Card 0001 Merchant Category Code: 4814",266.51,,Posted,6714.98
"XXXXXX1009-S81",4/22/2022,,"Withdrawal POS #211200817353/POS 7-ELEVEN 1870 S. Bagdad Roa Leander Card 4969 Merchant Category Code: 5542",74.12,,Posted,6981.49
"XXXXXX1009-S81",4/22/2022,,"Withdrawal ACH DISCOVER BANK/TYPE: PREARRANGE ID: 6510020271 DATA: DC FINOUT DPLSVCPAY CO: DISCOVER BANK",656.20,,Posted,7055.61
"XXXXXX1009-S81",4/21/2022,,"Withdrawal POS #211100361684/POS 7-ELEVEN 6111 BEE CAVE RD AUSTIN TX Card 0718 Merchant Category Code: 5541",5.41,,Posted,7711.81
"XXXXXX1009-S81",4/21/2022,,"Withdrawal POS #211117831135/POS H-E-B #029 W LAKE HILLS TX Card 0718 Merchant Category Code: 5411",201.36,,Posted,7717.22
"XXXXXX1009-S81",4/21/2022,,"Withdrawal DEBIT CARD/DD DOORDASH POPEYES 855-973-1040 CA Date 04/21/22 24492152111743719292729 Card 4969Merchant Category Code: 5812",22.02,,Posted,7918.58
"XXXXXX1009-S81",4/21/2022,,"Withdrawal POS #211101527101/POS NST THE HOME DEPOT 002295 11301 LAKELINE RD AUSTIN TX Card 2272Merchant Category Code: 5200",82.16,,Posted,7940.60
"XXXXXX1009-S81",4/21/2022,,"Withdrawal POS #211115600349/POS CIRCLE K #2741052 SAN ANTONIO TX Card 2675 Merchant Category Code: 5542",74.00,,Posted,8022.76
"XXXXXX1009-S81",4/21/2022,,"Withdrawal POS #5EKFQJN3B99J/POS AMAZON.COM*1Q1TX9LA1 SEATTLE WA Card 0718 Merchant Category Code: 4816",92.84,,Posted,8096.76
"XXXXXX1009-S81",4/21/2022,2512,"Check 2512 Tracer 814700000209001",1442.50,,Posted,8189.60
"XXXXXX1009-S81",4/21/2022,,"Withdrawal DEBIT CARD/TIFF'S TREATS 512-614-3200 TX Date 04/20/22 24692162111100628068251 Card 0718Merchant Category Code: 5462",55.26,,Posted,9632.10
"XXXXXX1009-S81",4/21/2022,,"Withdrawal ACH *LINCOLN NATLIFE/TYPE: PREMPAYMNT ID: 3504728231 DATA: 0018400TER CO: *LINCOLN NATLIFE",316.91,,Posted,9687.36
"XXXXXX1009-S81",4/21/2022,,"Withdrawal POS #211128920901/POS NST THE HOME DEPOT 000176 2700 WHITESTONE BLVD CEDAR PARK TX Card 2272Merchant Category Code: 5200",39.41,,Posted,10004.27
"XXXXXX1009-S81",4/21/2022,,"Withdrawal DEBIT CARD/LUPE TORTILLA #15 AUSTIN TX Date 04/20/22 24257612110900992900977 Card 0001Merchant Category Code: 5812",375.84,,Posted,10043.68
"XXXXXX1009-S81",4/21/2022,,"Withdrawal DEBIT CARD/MCW308-WHITESTONE CEDAR PARK TX Date 04/20/22 24071052110939108845224 Card 0001Merchant Category Code: 7542",20.00,,Posted,10419.52
"XXXXXX1009-S81",4/21/2022,,"Withdrawal DEBIT CARD/LOC CITIZENS*PMT1OF0 401-2825259 CT Date 04/19/22 24638572110016023129985 Card 0001Merchant Category Code: 6012",133.34,,Posted,10439.52
"XXXXXX1009-S81",4/20/2022,,"Withdrawal POS #211100755707/POS WALGREENS STORE 905 CRYST LEANDER TX Card 4969 Merchant Category Code: 5912",112.74,,Posted,10572.86
"XXXXXX1009-S81",4/20/2022,,"Withdrawal POS #211100755494/POS WALGREENS STORE 905 CRYST LEANDER TX Card 4969 Merchant Category Code: 5912",74.99,,Posted,10685.60
"XXXXXX1009-S81",4/20/2022,50130,"Check 50130 Tracer 814600000328130",277.05,,Posted,10760.59
"XXXXXX1009-S81",4/20/2022,,"Withdrawal Transfer To Share 00/payroll",6000.00,,Posted,11037.64
"XXXXXX1009-S81",4/20/2022,,"Deposit ACH ACCENTURE LLP/TYPE: PAYMENTS ID: 8975729001 CO: ACCENTURE LLP",,12443.34,Posted,17037.64
"XXXXXX1009-S81",4/20/2022,2507,"Check 2507 Tracer 814600000260001",2450.00,,Posted,4594.30
"XXXXXX1009-S81",4/20/2022,,"Withdrawal POS #211012732398/POS MURPHY EXPRESS 8614 CEDAR PARK TX Card 2675 Merchant Category Code: 5541",51.00,,Posted,7044.30
"XXXXXX1009-S81",4/20/2022,,"Deposit Reconciled 0000022",,.00,Posted,.00
"XXXXXX1009-S81",4/20/2022,,"Deposit Bulk/Checks 4,330.00 Check Count 1 Deposit Number 0000022",,4330.00,Posted,7095.30
"XXXXXX1009-S81",4/20/2022,,"Withdrawal at ATM #211000007993/ATM RBFCU 1110 N. BELL BLVD BLDG AUSTIN Card 4969 Merchant Category Code: 6011",260.00,,Posted,2765.30
"XXXXXX1009-S81",4/20/2022,,"Withdrawal ACH ALLSTATE INS CO/TYPE: INS PREM ID: 1360719665 DATA: ACH.EZPR02010 Q CO: ALLSTATE INS NAME: HERNANDEZ",86.03,,Posted,3025.30
"XXXXXX1009-S81",4/20/2022,,"Withdrawal DEBIT CARD/H-E-B #265 CEDAR PARK TX Date 04/19/22 24427332109740273687635 Card 4969Merchant Category Code: 5411",136.69,,Posted,3111.33
"XXXXXX1009-S81",4/20/2022,,"Withdrawal DEBIT CARD/LEANDER EXPRESS LUBE LEANDER TX Date 04/19/22 24692162110100495240380 Card 4969Merchant Category Code: 7538",18.50,,Posted,3248.02
"XXXXXX1009-S81",4/20/2022,,"Withdrawal DEBIT CARD/WILLIAMSON CO SVC FEE CARROLLTON TX Date 04/19/22 24207852109202200005855 Card 4969Merchant Category Code: 9399",1.64,,Posted,3266.52
"XXXXXX1009-S81",4/20/2022,,"Withdrawal DEBIT CARD/WILLIAMSON COUNTY VEH REG GEORGETOWN TX Date 04/19/22 24207852109202200001714 Card 4969Merchant Category Code: 9399",76.25,,Posted,3268.16
"XXXXXX1009-S81",4/19/2022,2511,"Check 2511 Tracer 814500000494382",3405.50,,Posted,3344.41
"XXXXXX1009-S81",4/19/2022,2509,"Check 2509 Tracer 814500000493930",750.00,,Posted,6749.91
"XXXXXX1009-S81",4/19/2022,,"Withdrawal DEBIT CARD/CHEVRON 0155648 AUSTIN TX Date 04/19/22 24692162109100215894618 Card 2675Merchant Category Code: 5542",38.99,,Posted,7499.91
"XXXXXX1009-S81",4/19/2022,,"Withdrawal DEBIT CARD/EL POLLO RICO 9 CEDAR PARK TX Date 04/18/22 24013392109002018068546 Card 4969Merchant Category Code: 5812",37.00,,Posted,7538.90
"XXXXXX1009-S81",4/19/2022,,"Withdrawal DEBIT CARD/IN N OUT BURGER 294 CEDAR PARK TX Date 04/18/22 24013392109002022046280 Card 4969Merchant Category Code: 5814",17.37,,Posted,7575.90
"XXXXXX1009-S81",4/19/2022,,"Withdrawal DEBIT CARD/GLORIAS RESTAURANT #11 AUSTIN TX Date 04/18/22 24231682109796424447216 Card 0001Merchant Category Code: 5812",88.78,,Posted,7593.27
"XXXXXX1009-S81",4/19/2022,2506,"Check 2506 Tracer 814500000249001",1536.00,,Posted,7682.05
"XXXXXX1009-S81",4/19/2022,,"Deposit Reconciled 0000026",,.00,Posted,.00
"XXXXXX1009-S81",4/19/2022,,"Deposit Bulk/Checks 4,910.22 Check Count 1 Deposit Number 0000026",,4910.22,Posted,9218.05
"XXXXXX1009-S81",4/19/2022,,"Withdrawal ACH ALLSTATE INS CO/TYPE: INS PREM ID: 1360719665 DATA: ACH.EZPR02010 S CO: ALLSTATE INS CO",655.76,,Posted,4307.83
"XXXXXX1009-S81",4/19/2022,,"Withdrawal ACH CAPITAL ONE/TYPE: CRCARDPMT ID: 9541719318 CO: CAPITAL ONE",200.00,,Posted,4963.59
"XXXXXX1009-S81",4/19/2022,,"Withdrawal ACH ALLSTATE INS CO/TYPE: INS PREM ID: 1360719665 DATA: ACH.EZPR02010 S CO: ALLSTATE INS CO",75.73,,Posted,5163.59
"XXXXXX1009-S81",4/19/2022,,"Withdrawal DEBIT CARD/PAYPAL *HITECHPOWER HITEC 402-935-7733 Date 04/18/22 24492152108852356960087 Card 2272Merchant Category Code: 4816",196.56,,Posted,5239.32
"XXXXXX1009-S81",4/19/2022,,"Withdrawal DEBIT CARD/PAYPAL *HITECHPOWER HITEC 402-935-7733 Date 04/18/22 24492152108852356806934 Card 2272Merchant Category Code: 4816",159.37,,Posted,5435.88
"XXXXXX1009-S81",4/18/2022,2505,"Check 2505 Tracer 814400000447783",1410.00,,Posted,5595.25
"XXXXXX1009-S81",4/18/2022,2504,"Check 2504 Tracer 814400000447781",2800.00,,Posted,7005.25
"XXXXXX1009-S81",4/18/2022,,"Withdrawal DEBIT CARD/RANDALLS #3145 LEANDER TX Date 04/17/22 24231682108837001207325 Card 4969Merchant Category Code: 5411",89.42,,Posted,9805.25
"XXXXXX1009-S81",4/18/2022,,"Withdrawal Transfer To Loan 00",200.00,,Posted,9894.67
"XXXXXX1009-S81",4/18/2022,,"Deposit Transfer From Share 00/Funds Transfer via Online",,6000.00,Posted,10094.67
"XXXXXX1009-S81",4/18/2022,,"Withdrawal ACH AMEX EPAYMENT/TYPE: ACH PMT ID: 0005000008 DATA: ER AM CO: AMEX EPAYMENT",449.00,,Posted,4094.67
"XXXXXX1009-S81",4/18/2022,,"Withdrawal ACH CHASE CREDIT CRD/TYPE: EPAY ID: 5760039224 CO: CHASE CREDIT CRD NAME: ARACELI VAZQUEZ",200.00,,Posted,4543.67
"XXXXXX1009-S81",4/18/2022,,"Withdrawal ACH INTUIT 17455225/TYPE: TRAN FEE ID: 9215986202 CO: INTUIT 17455225",135.66,,Posted,4743.67
"XXXXXX1009-S81",4/18/2022,,"Withdrawal ACH ATT/TYPE: Payment ID: 9864031004 CO: ATT",80.00,,Posted,4879.33
"XXXXXX1009-S81",4/18/2022,,"Withdrawal ACH HOME DEPOT/TYPE: AUTO PYMT ID: CITIAUTFDR CO: HOME DEPOT",29.00,,Posted,4959.33
"XXXXXX1009-S81",4/18/2022,,"Deposit ACH INTUIT 54416965/TYPE: DEPOSIT ID: 9215986202 CO: INTUIT 54416965",,3975.21,Posted,4988.33
"XXXXXX1009-S81",4/17/2022,,"Withdrawal DEBIT CARD/China Cafe Austin TX Date 04/16/22 24744552107240001113567 Card 2272Merchant Category Code: 5812",43.93,,Posted,1013.12
"XXXXXX1009-S81",4/17/2022,,"Withdrawal DEBIT CARD/TAMU NEW STUDENT CONFE 979-845-5209 TX Date 04/17/22 24692162107100240462375 Card 0718Merchant Category Code: 8220",153.00,,Posted,1057.05
"XXXXXX1009-S81",4/17/2022,,"Withdrawal DEBIT CARD/SP NINABERENATO 917-2025034 TX Date 04/16/22 24492162107000001255178 Card 4969Merchant Category Code: 5944",75.78,,Posted,1210.05
"XXXXXX1009-S81",4/16/2022,,"Recurring Withdrawal DEBIT CARD/SMALLSFORSMALLS.COM SMALLS.COM NY Date 04/16/22 24492162106000028997126 Card 0718Merchant Category Code: 5499",342.00,,Posted,1285.83
"XXXXXX1009-S81",4/16/2022,2510,"Check 2510 Tracer 814200000219001",2740.00,,Posted,1627.83
"XXXXXX1009-S81",4/16/2022,,"Withdrawal DEBIT CARD/CITY OF SAN ANTONIO 210-207-1111 TX Date 04/16/22 24692162106100771576982 Card 4969Merchant Category Code: 9399",121.14,,Posted,4367.83
"XXXXXX1009-S81",4/16/2022,,"Deposit Reconciled 0000009",,.00,Posted,.00
"XXXXXX1009-S81",4/16/2022,,"Withdrawal Cash",900.00,,Posted,4488.97
"XXXXXX1009-S81",4/16/2022,,"Withdrawal DEBIT CARD/TST* ESTANCIA BRAZILIAN S AUSTIN TX Date 04/16/22 24137462106501073673319 Card 2272Merchant Category Code: 5812",1022.50,,Posted,5388.97
"XXXXXX1009-S81",4/16/2022,,"Deposit Bulk/Checks 151.55 Check Count 1 Deposit Number 0000009",,151.55,Posted,6411.47
"XXXXXX1009-S81",4/16/2022,,"Withdrawal ATM Fee/ATM ALI01176 1410 W WHITESTONE BLVD PARK TX Card 2272Merchant Category Code: 6011",1.00,,Posted,6259.92
"XXXXXX1009-S81",4/16/2022,,"Withdrawal at ATM #210614308755/ATM ALI01176 1410 W WHITESTONE BLVD PARK TX Card 2272Merchant Category Code: 6011",23.00,,Posted,6260.92
"XXXXXX1009-S81",4/16/2022,,"Withdrawal DEBIT CARD/TARGET 00023424 CEDAR PARK TX Date 04/15/22 24164072106091017119762 Card 4969Merchant Category Code: 5411",167.38,,Posted,6283.92
"XXXXXX1009-S81",4/16/2022,,"Withdrawal DEBIT CARD/TEXASGASSERVICE 800-700-2443 OK Date 04/15/22 24492152105745014708497 Card 0718Merchant Category Code: 4900",112.36,,Posted,6451.30
"XXXXXX1009-S81",4/16/2022,,"Withdrawal DEBIT CARD/H-E-B #265 CEDAR PARK TX Date 04/15/22 24427332105740289789684 Card 4969Merchant Category Code: 5411",224.06,,Posted,6563.66
"XXXXXX1009-S81",4/16/2022,,"Uncollected Fee/Due since 04/15/22 - Courtesy Pay-Dbt",34.00,,Posted,6787.72
"XXXXXX1009-S81",4/16/2022,,"Uncollected Fee/Due since 04/15/22 - Courtesy Pay-ACH",34.00,,Posted,6821.72
"XXXXXX1009-S81",4/16/2022,,"Uncollected Fee/Due since 04/15/22 - Courtesy Pay-ACH",34.00,,Posted,6855.72
"XXXXXX1009-S81",4/16/2022,,"Uncollected Fee/Due since 04/15/22 - Courtesy Pay-Dbt",34.00,,Posted,6889.72
"XXXXXX1009-S81",4/16/2022,,"Uncollected Fee/Due since 04/15/22 - Courtesy Pay-Dbt",34.00,,Posted,6923.72
"XXXXXX1009-S81",4/16/2022,,"Uncollected Fee/Due since 04/14/22 - Courtesy Pay-Dbt",34.00,,Posted,6957.72
"XXXXXX1009-S81",4/16/2022,,"Uncollected Fee/Due since 04/14/22 - Courtesy Pay-ACH",34.00,,Posted,6991.72
"XXXXXX1009-S81",4/15/2022,2503,"Check 2503 Tracer 814100000519539",1000.00,,Posted,7025.72
"XXXXXX1009-S81",4/15/2022,,"Deposit ACH Texas Windstrom/TYPE: PAYABLES ID: 2746189303 DATA: DYNAMICS EFT DEPOSIT CO: Texas Windstrom",,8941.54,Posted,8025.72
"XXXXXX1009-S81",4/15/2022,,"Uncollected Fee of $34.00 is Due",,.00,Posted,.00
"XXXXXX1009-S81",4/15/2022,,"Courtesy Pay-Dbt",,.00,Posted,-915.82
"XXXXXX1009-S81",4/15/2022,,"Withdrawal POS #668453/POS 7-ELEVEN 36609 10800 RESEARCH BLVD AUSTIN TX Card 2675Merchant Category Code: 5542",58.02,,Posted,-915.82
"XXXXXX1009-S81",4/15/2022,,"Uncollected Fee of $34.00 is Due",,.00,Posted,.00
"XXXXXX1009-S81",4/15/2022,,"Courtesy Pay-ACH",,.00,Posted,-857.80
"XXXXXX1009-S81",4/15/2022,,"Withdrawal ACH THE GUARDIAN/TYPE: INSUR PREM ID: 9555845001 CO: THE GUARDIAN",849.54,,Posted,-857.80
"XXXXXX1009-S81",4/15/2022,,"Uncollected Fee of $34.00 is Due",,.00,Posted,.00
"XXXXXX1009-S81",4/15/2022,,"Courtesy Pay-ACH",,.00,Posted,-8.26
"XXXXXX1009-S81",4/15/2022,,"Withdrawal ACH DISCOVER/TYPE: E-PAYMENT ID: 3510020270 DATA: DC PYMNTS DCIDPIINT CO: DISCOVER",500.00,,Posted,-8.26
"XXXXXX1009-S81",4/15/2022,,"Withdrawal ACH CAPITAL ONE/TYPE: MOBILE PMT ID: 9279744980 CO: CAPITAL ONE",250.00,,Posted,491.74
"XXXXXX1009-S81",4/15/2022,,"Withdrawal ACH ATT/TYPE: Payment ID: 9864031005 CO: ATT",101.29,,Posted,741.74
"XXXXXX1009-S81",4/15/2022,,"Withdrawal ACH ADP PAYROLL FEES/TYPE: ADP - FEES ID: 9659605001 DATA: OT CO: ADP PAYROLL FEES",64.93,,Posted,843.03
"XXXXXX1009-S81",4/15/2022,,"Withdrawal ACH HUMANA COMPBENEF/TYPE: 7709988936 ID: 2591843760 CO: HUMANA COMPBENEF",50.74,,Posted,907.96
"XXXXXX1009-S81",4/15/2022,,"Withdrawal ACH INTUIT 07376145/TYPE: TRAN FEE ID: 9215986202 CO: INTUIT 07376145",46.62,,Posted,958.70
"XXXXXX1009-S81",4/15/2022,,"Deposit ACH INTUIT 44447895/TYPE: DEPOSIT ID: 9215986202 CO: INTUIT 44447895",,1363.95,Posted,1005.32
"XXXXXX1009-S81",4/15/2022,,"Uncollected Fee of $34.00 is Due",,.00,Posted,.00
"XXXXXX1009-S81",4/15/2022,,"Courtesy Pay-Dbt",,.00,Posted,-358.63
"XXXXXX1009-S81",4/15/2022,,"Withdrawal DEBIT CARD/PRO SERVE ENTERPRISE 512-326-2811 TX Date 04/13/22 24251382104017025244507 Card 2272Merchant Category Code: 2842",328.56,,Posted,-358.63
"XXXXXX1009-S81",4/15/2022,,"Uncollected Fee of $34.00 is Due",,.00,Posted,.00
"XXXXXX1009-S81",4/15/2022,,"Courtesy Pay-Dbt",,.00,Posted,-30.07
"XXXXXX1009-S81",4/15/2022,,"Withdrawal DEBIT CARD/PRO SERVE ENTERPRISE 512-326-2811 TX Date 04/13/22 24251382104017025244499 Card 2272Merchant Category Code: 2842",127.85,,Posted,-30.07
"XXXXXX1009-S81",4/14/2022,,"Deposit Reconciled 0000059",,.00,Posted,.00
"XXXXXX1009-S81",4/14/2022,,"Deposit Bulk/Checks 1,284.28 Check Count 2 Deposit Number 0000059",,1284.28,Posted,97.78
"XXXXXX1009-S81",4/14/2022,,"Uncollected Fee of $34.00 is Due",,.00,Posted,.00
"XXXXXX1009-S81",4/14/2022,,"Courtesy Pay-Dbt",,.00,Posted,-1186.50
"XXXXXX1009-S81",4/14/2022,,"Withdrawal POS #210481053501/POS THE HOME DEPOT #0509 11301 LAKELINE AUSTIN TX Card 2272Merchant Category Code: 5200",107.17,,Posted,-1186.50
"XXXXXX1009-S81",4/14/2022,,"Uncollected Fee of $34.00 is Due",,.00,Posted,.00
"XXXXXX1009-S81",4/14/2022,,"Courtesy Pay-ACH",,.00,Posted,-1079.33
"XXXXXX1009-S81",4/14/2022,,"Withdrawal ACH AMEX EPAYMENT/TYPE: ACH PMT ID: 0005000008 DATA: ER AM CO: AMEX EPAYMENT",3494.16,,Posted,-1079.33
"XXXXXX1009-S81",4/14/2022,,"Withdrawal ACH FARMERS INS EXCH/TYPE: INSPAYMENT ID: 2432215866 DATA: BILL PAYMENT CO: FARMERS INS EXCH",661.91,,Posted,2414.83
"XXXXXX1009-S81",4/14/2022,,"Withdrawal ACH LendingClub/TYPE: 8885963157 ID: 8510605731 DATA: Y CO: LendingClub",498.15,,Posted,3076.74
"XXXXXX1009-S81",4/14/2022,,"Withdrawal ACH AMEX EPAYMENT/TYPE: ACH PMT ID: 0005000008 DATA: ER AM CO: AMEX EPAYMENT",35.00,,Posted,3574.89
"XXXXXX1009-S81",4/14/2022,,"Withdrawal DEBIT CARD/H-E-B #265 CEDAR PARK TX Date 04/13/22 24427332103740277253935 Card 2272Merchant Category Code: 5411",42.04,,Posted,3609.89
"XXXXXX1009-S81",4/13/2022,,"Withdrawal DEBIT CARD/SHELL OIL 57546015504 CEDAR PARK TX Date 04/12/22 24316052103548460059078 Card 2272Merchant Category Code: 5541",34.62,,Posted,3651.93
"XXXXXX1009-S81",4/13/2022,,"Withdrawal DEBIT CARD/SHELL OIL 10012713003 AUSTIN TX Date 04/12/22 24316052103548199743455 Card 2272Merchant Category Code: 5541",20.56,,Posted,3686.55
"XXXXXX1009-S81",4/13/2022,2502,"Check 2502 Tracer 813900000346001",2210.00,,Posted,3707.11
"XXXXXX1009-S81",4/13/2022,,"Withdrawal ACH WEBFILE TAX PYMT/TYPE: DD ID: 2146000311 DATA: CPA TAX PAYMENTS CO: WEBFILE TAX PYMT",6051.99,,Posted,5917.11
"XXXXXX1009-S81",4/13/2022,,"Withdrawal Transfer To Share 00/payroll",6000.00,,Posted,11969.10
"XXXXXX1009-S81",4/13/2022,,"Withdrawal Cash",4000.00,,Posted,17969.10
"XXXXXX1009-S81",4/13/2022,,"Deposit Reconciled 0000043",,.00,Posted,.00
"XXXXXX1009-S81",4/13/2022,,"Deposit Bulk/Checks 18,127.50 Check Count 12 Deposit Number 0000043",,18127.50,Posted,21969.10
"XXXXXX1009-S81",4/13/2022,,"Deposit Reconciled 0000025",,.00,Posted,.00
"XXXXXX1009-S81",4/13/2022,,"Deposit Bulk/Checks 1,136.63 Check Count 1 Deposit Number 0000025",,1136.63,Posted,3841.60
"XXXXXX1009-S81",4/13/2022,,"Withdrawal POS #575065/POS EL RANCHO SUPERMARKET#18 8752 BLVD AUSTIN TX Card 2272Merchant Category Code: 5411",19.14,,Posted,2704.97
"XXXXXX1009-S81",4/13/2022,,"Withdrawal POS #210314332341/POS WALGREENS STORE 1505 W WH CEDAR PARK TX Card 0001Merchant Category Code: 5912",68.47,,Posted,2724.11
"XXXXXX1009-S81",4/13/2022,,"Withdrawal POS #210300494520/POS 7-ELEVEN 2020 E 7th St Austin TX Card 2675 Merchant Category Code: 5542",30.32,,Posted,2792.58
"XXXXXX1009-S81",4/13/2022,,"Withdrawal Overdrawn ACH/WEBFILE TAX PYMT",34.00,,Posted,2822.90
"XXXXXX1009-S81",4/13/2022,,"Withdrawal ACH Fortiva PMT/TYPE: ePay ID: L270475776 CO: Fortiva PMT",175.00,,Posted,2856.90
"XXXXXX1009-S81",4/13/2022,,"Withdrawal DEBIT CARD/SALTGRASS AUSTIN AUSTIN TX Date 04/12/22 24943002103207688500159 Card 2272Merchant Category Code: 5812",45.68,,Posted,3031.90
"XXXXXX1009-S81",4/13/2022,,"Withdrawal DEBIT CARD/WALGREENS #7061 CEDAR PARK TX Date 04/12/22 24445002103000731294398 Card 0001Merchant Category Code: 5912",20.51,,Posted,3077.58
"XXXXXX1009-S81",4/13/2022,,"Withdrawal DEBIT CARD/H-E-B #265 CEDAR PARK TX Date 04/12/22 24427332102740274669183 Card 4969Merchant Category Code: 5411",104.12,,Posted,3098.09
"XXXXXX1009-S81",4/13/2022,,"Recurring Withdrawal DEBIT CARD/MCW308-WHITESTONE 866-2543229 TX Date 04/12/22 24071052102939187743811 Card 2272Merchant Category Code: 7542",19.99,,Posted,3202.21
"XXXXXX1009-S81",4/12/2022,2491,"Check 2491 Tracer 813800000507259",1442.50,,Posted,3222.20
"XXXXXX1009-S81",4/12/2022,2490,"Check 2490 Tracer 813800000507258",3000.00,,Posted,4664.70
"XXXXXX1009-S81",4/12/2022,,"Withdrawal ACH WELLS FARGO BANK/TYPE: RESERVE ID: WFRETAIL01 DATA: 15:OTISRSF CO: WELLS FARGO BANK",972.30,,Posted,7664.70
"XXXXXX1009-S81",4/12/2022,,"Withdrawal DEBIT CARD/ROSAS CAFE &amp; TORTILLA FTY CEDAR PARK TX Date 04/11/22 24013392102001273410887 Card 2272Merchant Category Code: 5814",29.58,,Posted,8637.00
"XXXXXX1009-S81",4/12/2022,,"Withdrawal POS #210214746725/POS H-E-B GAS/CARWASH #265 CEDAR PARK TX Card 4969 Merchant Category Code: 5542",56.42,,Posted,8666.58
"XXXXXX1009-S81",4/12/2022,,"Withdrawal POS #210218015222/POS AUSTIN FAMILY MEDICINE AUSTIN TX Card 0001 Merchant Category Code: 8011",30.00,,Posted,8723.00
"XXXXXX1009-S81",4/12/2022,2493,"Check 2493 Tracer 813800000192001",2050.00,,Posted,8753.00
"XXXXXX1009-S81",4/12/2022,,"Withdrawal Cash",960.00,,Posted,10803.00
"XXXXXX1009-S81",4/12/2022,,"Withdrawal Cash",1500.00,,Posted,11763.00
"XXXXXX1009-S81",4/12/2022,,"Deposit Reconciled 0000011",,.00,Posted,.00
"XXXXXX1009-S81",4/12/2022,,"Deposit Bulk/Checks 10,425.56 Check Count 2 Deposit Number 0000011",,10425.56,Posted,13263.00
"XXXXXX1009-S81",4/12/2022,,"Deposit/Bill.com, LLC Visa Direct CA Date 04/12/22 0 2102162286 2 5734 Card 0001Merchant Category Code: 5734",,2048.88,Posted,2837.44
"XXXXXX1009-S81",4/12/2022,,"Uncollected Fee/Due since 04/09/22 - Overdrawn Debit",34.00,,Posted,788.56
"XXXXXX1009-S81",4/12/2022,,"Uncollected Fee/Due since 04/09/22 - Overdrawn Debit",34.00,,Posted,822.56
"XXXXXX1009-S81",4/12/2022,,"Uncollected Fee/Due since 04/09/22 - Overdrawn Debit",34.00,,Posted,856.56
"XXXXXX1009-S81",4/12/2022,,"Uncollected Fee/Due since 04/09/22 - Overdrawn Debit",34.00,,Posted,890.56
"XXXXXX1009-S81",4/12/2022,,"Uncollected Fee/Due since 04/08/22 - Overdrawn Debit",34.00,,Posted,924.56
"XXXXXX1009-S81",4/12/2022,,"Uncollected Fee/Due since 04/08/22 - Courtesy Pay-Dbt",34.00,,Posted,958.56
"XXXXXX1009-S81",4/12/2022,,"Uncollected Fee/Due since 04/08/22 - Courtesy Pay-Dbt",34.00,,Posted,992.56
"XXXXXX1009-S81",4/12/2022,,"Uncollected Fee/Due since 04/08/22 - Courtesy Pay-Dbt",34.00,,Posted,1026.56
"XXXXXX1009-S81",4/12/2022,,"Uncollected Fee/Due since 04/08/22 - Courtesy Pay-Dbt",34.00,,Posted,1060.56
"XXXXXX1009-S81",4/12/2022,,"Uncollected Fee/Due since 04/08/22 - Courtesy Pay-Dbt",34.00,,Posted,1094.56
"XXXXXX1009-S81",4/12/2022,,"Uncollected Fee/Due since 04/07/22 - UNPAIDNSF",34.00,,Posted,1128.56
"XXXXXX1009-S81",4/12/2022,,"Uncollected Fee/Due since 04/07/22 - UNPAIDNSF",34.00,,Posted,1162.56
"XXXXXX1009-S81",4/12/2022,,"Uncollected Fee/Due since 04/07/22 - UNPAIDNSF",34.00,,Posted,1196.56
"XXXXXX1009-S81",4/12/2022,,"Uncollected Fee/Due since 04/07/22 - Courtesy Pay-Dbt",34.00,,Posted,1230.56
"XXXXXX1009-S81",4/12/2022,,"Uncollected Fee/Due since 04/07/22 - Courtesy Pay-Dbt",34.00,,Posted,1264.56
"XXXXXX1009-S81",4/12/2022,,"Uncollected Fee/Due since 04/07/22 - Courtesy Pay-ACH",34.00,,Posted,1298.56
"XXXXXX1009-S81",4/12/2022,,"Uncollected Fee/Due since 04/07/22 - Courtesy Pay-Dbt",34.00,,Posted,1332.56
"XXXXXX1009-S81",4/12/2022,,"Uncollected Fee/Due since 04/07/22 - Courtesy Pay-Dbt",34.00,,Posted,1366.56
"XXXXXX1009-S81",4/12/2022,,"Uncollected Fee/Due since 04/06/22 - Courtesy Pay-Dbt",34.00,,Posted,1400.56
"XXXXXX1009-S81",4/12/2022,,"Uncollected Fee/Due since 04/06/22 - Courtesy Pay-Dbt",34.00,,Posted,1434.56
"XXXXXX1009-S81",4/12/2022,,"Uncollected Fee/Due since 04/06/22 - Courtesy Pay-Dbt",34.00,,Posted,1468.56
"XXXXXX1009-S81",4/12/2022,,"Uncollected Fee/Due since 04/06/22 - Courtesy Pay-Dbt",34.00,,Posted,1502.56
"XXXXXX1009-S81",4/12/2022,,"Uncollected Fee/Due since 04/05/22 - UNPAIDNSF",34.00,,Posted,1536.56
"XXXXXX1009-S81",4/12/2022,,"Uncollected Fee/Due since 04/05/22 - Courtesy Pay-Ck",34.00,,Posted,1570.56
"XXXXXX1009-S81",4/12/2022,,"Uncollected Fee/Due since 04/05/22 - Courtesy Pay-ACH",34.00,,Posted,1604.56
"XXXXXX1009-S81",4/12/2022,,"Uncollected Fee/Due since 04/05/22 - Courtesy Pay-Dbt",34.00,,Posted,1638.56
"XXXXXX1009-S81",4/12/2022,,"Uncollected Fee/Due since 04/04/22 - Courtesy Pay-Ck",34.00,,Posted,1672.56
"XXXXXX1009-S81",4/12/2022,,"Uncollected Fee/Due since 04/04/22 - Courtesy Pay-ACH",34.00,,Posted,1706.56
"XXXXXX1009-S81",4/12/2022,,"Uncollected Fee/Due since 04/03/22 - Courtesy Pay-Dbt",34.00,,Posted,1740.56
"XXXXXX1009-S81",4/12/2022,,"Uncollected Fee/Due since 04/03/22 - Courtesy Pay-Dbt",34.00,,Posted,1774.56
"XXXXXX1009-S81",4/12/2022,,"Uncollected Fee/Due since 04/03/22 - Courtesy Pay-Dbt",34.00,,Posted,1808.56
"XXXXXX1009-S81",4/11/2022,,"Withdrawal Transfer/To HERNANDEZ,MARTHA 331014 Loan 02",447.78,,Posted,1842.56
"XXXXXX1009-S81",4/11/2022,,"Withdrawal ACH BCBS HEALTH HPS/TYPE: 8007928595 ID: 1361236610 CO: BCBS HEALTH HPS",174.20,,Posted,2290.34
"XXXXXX1009-S81",4/11/2022,,"Withdrawal ACH INTUIT 76641435/TYPE: TRAN FEE ID: 9215986202 CO: INTUIT 76641435",145.33,,Posted,2464.54
"XXXXXX1009-S81",4/11/2022,,"Deposit ACH INTUIT 13666035/TYPE: DEPOSIT ID: 9215986202 CO: INTUIT 13666035",,4259.87,Posted,2609.87
"XXXXXX1009-S81",4/9/2022,,"Uncollected Fee of $34.00 is Due",,.00,Posted,.00
"XXXXXX1009-S81",4/9/2022,,"Overdrawn Debit",,.00,Posted,-1650.00
"XXXXXX1009-S81",4/9/2022,,"Recurring Withdrawal Bill Payment - #209920700774/BP ADOBE ACROPRO SUBS 408-536-6000 CA Card 0001 Merchant Category Code: 5734",16.23,,Posted,-1650.00
"XXXXXX1009-S81",4/9/2022,,"Uncollected Fee of $34.00 is Due",,.00,Posted,.00
"XXXXXX1009-S81",4/9/2022,,"Overdrawn Debit",,.00,Posted,-1633.77
"XXXXXX1009-S81",4/9/2022,,"Withdrawal DEBIT CARD/WHITTLESEY LANDSCAPE-NAB ROUND ROCK TX Date 04/08/22 24801972099400785000634 Card 2675Merchant Category Code: 1740",52.80,,Posted,-1633.77
"XXXXXX1009-S81",4/9/2022,,"Uncollected Fee of $34.00 is Due",,.00,Posted,.00
"XXXXXX1009-S81",4/9/2022,,"Overdrawn Debit",,.00,Posted,-1580.97
"XXXXXX1009-S81",4/9/2022,,"Withdrawal DEBIT CARD/WHITTLESEY LANDSCAPE-NAB ROUND ROCK TX Date 04/08/22 24801972099400785000022 Card 2675Merchant Category Code: 1740",52.80,,Posted,-1580.97
"XXXXXX1009-S81",4/9/2022,,"Uncollected Fee of $34.00 is Due",,.00,Posted,.00
"XXXXXX1009-S81",4/9/2022,,"Overdrawn Debit",,.00,Posted,-1528.17
"XXXXXX1009-S81",4/9/2022,,"Withdrawal DEBIT CARD/TXTAG 888 468 9824 888-468-9824 TX Date 04/08/22 24055232098762376108404 Card 2272Merchant Category Code: 9399",40.00,,Posted,-1528.17
"XXXXXX1009-S81",4/8/2022,,"Uncollected Fee of $34.00 is Due",,.00,Posted,.00
"XXXXXX1009-S81",4/8/2022,,"Overdrawn Debit",,.00,Posted,-1488.17
"XXXXXX1009-S81",4/8/2022,,"Withdrawal DEBIT CARD/THE HOME DEPOT #0509 AUSTIN TX Date 04/07/22 24943012098010191447801 Card 2675Merchant Category Code: 5200",50.00,,Posted,-1488.17
"XXXXXX1009-S81",4/8/2022,,"Uncollected Fee of $34.00 is Due",,.00,Posted,.00
"XXXXXX1009-S81",4/8/2022,,"Courtesy Pay-Dbt",,.00,Posted,-1438.17
"XXXXXX1009-S81",4/8/2022,,"Withdrawal POS #209800970458/POS 7-ELEVEN 6111 Bee Cave Rd Austin TX Card 0718 Merchant Category Code: 5542",10.85,,Posted,-1438.17
"XXXXXX1009-S81",4/8/2022,,"Uncollected Fee of $34.00 is Due",,.00,Posted,.00
"XXXXXX1009-S81",4/8/2022,,"Courtesy Pay-Dbt",,.00,Posted,-1427.32
"XXXXXX1009-S81",4/8/2022,,"Withdrawal POS #318988/POS STAR STOP 36 7510 N MOPAC EXPRESSWAY AUSTIN TX Card 2675Merchant Category Code: 5542",125.00,,Posted,-1427.32
"XXXXXX1009-S81",4/8/2022,,"Uncollected Fee of $34.00 is Due",,.00,Posted,.00
"XXXXXX1009-S81",4/8/2022,,"Courtesy Pay-Dbt",,.00,Posted,-1302.32
"XXXXXX1009-S81",4/8/2022,,"Withdrawal DEBIT CARD/WHITTLESEY LANDSCAPE-NAB ROUND ROCK TX Date 04/07/22 24801972098400784000602 Card 2675Merchant Category Code: 1740",64.00,,Posted,-1302.32
"XXXXXX1009-S81",4/8/2022,,"Uncollected Fee of $34.00 is Due",,.00,Posted,.00
"XXXXXX1009-S81",4/8/2022,,"Courtesy Pay-Dbt",,.00,Posted,-1238.32
"XXXXXX1009-S81",4/8/2022,,"Withdrawal DEBIT CARD/POPEYES 11676 / 308 AUSTIN TX Date 04/07/22 24231682098400000108945 Card 2675Merchant Category Code: 5814",28.22,,Posted,-1238.32
"XXXXXX1009-S81",4/8/2022,,"Uncollected Fee of $34.00 is Due",,.00,Posted,.00
"XXXXXX1009-S81",4/8/2022,,"Courtesy Pay-Dbt",,.00,Posted,-1210.10
"XXXXXX1009-S81",4/8/2022,,"Withdrawal DEBIT CARD/THE CROMEENS LAW FIRM HOUSTON TX Date 04/07/22 24559302097900010277374 Card 2272Merchant Category Code: 8111",75.00,,Posted,-1210.10
"XXXXXX1009-S81",4/7/2022,,"Uncollected Fee of $34.00 is Due",,.00,Posted,.00
"XXXXXX1009-S81",4/7/2022,,"UNPAIDNSF 2497/In the amount $500.00.",,.00,Posted,-1135.10
"XXXXXX1009-S81",4/7/2022,,"Uncollected Fee of $34.00 is Due",,.00,Posted,.00
"XXXXXX1009-S81",4/7/2022,,"UNPAIDNSF 2494/In the amount $2,900.00.",,.00,Posted,-1135.10
"XXXXXX1009-S81",4/7/2022,,"Uncollected Fee of $34.00 is Due",,.00,Posted,.00
"XXXXXX1009-S81",4/7/2022,,"UNPAIDNSF 2492/In the amount $850.00.",,.00,Posted,-1135.10
"XXXXXX1009-S81",4/7/2022,2495,"Check 2495 Tracer 813300000236001",892.50,,Posted,-1135.10
"XXXXXX1009-S81",4/7/2022,,"Withdrawal Courtesy Pay fee",34.00,,Posted,-242.60
"XXXXXX1009-S81",4/7/2022,,"Uncollected Fee of $34.00 is Due",,.00,Posted,.00
"XXXXXX1009-S81",4/7/2022,,"Courtesy Pay-Dbt",,.00,Posted,-208.60
"XXXXXX1009-S81",4/7/2022,,"Withdrawal POS #209711615634/POS RANDALLS #2485 AUSTIN TX Card 2675 Merchant Category Code: 5411",10.49,,Posted,-208.60
"XXXXXX1009-S81",4/7/2022,,"Uncollected Fee of $34.00 is Due",,.00,Posted,.00
"XXXXXX1009-S81",4/7/2022,,"Courtesy Pay-Dbt",,.00,Posted,-198.11
"XXXXXX1009-S81",4/7/2022,,"Withdrawal POS #209745482001/POS NST THE HOME DEPOT 002420 1200 HOME DEPOT BLVD SUNSET VALLEY TX Card 2675Merchant Category Code: 5200",6.47,,Posted,-198.11
"XXXXXX1009-S81",4/7/2022,,"Uncollected Fee of $34.00 is Due",,.00,Posted,.00
"XXXXXX1009-S81",4/7/2022,,"Courtesy Pay-ACH",,.00,Posted,-191.64
"XXXXXX1009-S81",4/7/2022,,"Withdrawal ACH AMERICAN GEN LIF/TYPE: INS PAYMT ID: 4250598210 CO: AMERICAN GEN LIF",60.11,,Posted,-191.64
"XXXXXX1009-S81",4/7/2022,,"Uncollected Fee of $34.00 is Due",,.00,Posted,.00
"XXXXXX1009-S81",4/7/2022,,"Courtesy Pay-Dbt",,.00,Posted,-131.53
"XXXXXX1009-S81",4/7/2022,,"Withdrawal DEBIT CARD/CITY OF CEDAR PARK 512-4015000 TX Date 04/06/22 24755422096640965422489 Card 0001Merchant Category Code: 4900",259.37,,Posted,-131.53
"XXXXXX1009-S81",4/7/2022,,"Uncollected Fee of $34.00 is Due",,.00,Posted,.00
"XXXXXX1009-S81",4/7/2022,,"Courtesy Pay-Dbt",,.00,Posted,127.84
"XXXXXX1009-S81",4/7/2022,,"Withdrawal DEBIT CARD/TXTAG 888 468 9824 888-468-9824 TX Date 04/06/22 24055232096762956104551 Card 2272Merchant Category Code: 9399",40.00,,Posted,127.84
"XXXXXX1009-S81",4/6/2022,,"Uncollected Fee of $34.00 is Due",,.00,Posted,.00
"XXXXXX1009-S81",4/6/2022,,"Courtesy Pay-Dbt",,.00,Posted,167.84
"XXXXXX1009-S81",4/6/2022,,"Withdrawal DEBIT CARD/CHEVRON 0155648 AUSTIN TX Date 04/06/22 24692162096100776901971 Card 2675Merchant Category Code: 5542",2.57,,Posted,167.84
"XXXXXX1009-S81",4/6/2022,,"Uncollected Fee of $34.00 is Due",,.00,Posted,.00
"XXXXXX1009-S81",4/6/2022,,"Courtesy Pay-Dbt",,.00,Posted,170.41
"XXXXXX1009-S81",4/6/2022,,"Withdrawal DEBIT CARD/RANDALLS #3145 LEANDER TX Date 04/05/22 24231682096837001312103 Card 4969Merchant Category Code: 5411",81.32,,Posted,170.41
"XXXXXX1009-S81",4/6/2022,,"Deposit Reconciled 0000013",,.00,Posted,.00
"XXXXXX1009-S81",4/6/2022,,"Deposit Bulk/Checks 1,995.13 Check Count 3 Deposit Number 0000013",,1995.13,Posted,251.73
"XXXXXX1009-S81",4/6/2022,,"Uncollected Fee of $34.00 is Due",,.00,Posted,.00
"XXXXXX1009-S81",4/6/2022,,"Courtesy Pay-Dbt",,.00,Posted,-1743.40
"XXXXXX1009-S81",4/6/2022,,"Withdrawal DEBIT CARD/CARENOW-CEDAR PARK CEDAR PARK TX Date 04/05/22 24761972095286652300112 Card 4969Merchant Category Code: 8011",45.00,,Posted,-1743.40
"XXXXXX1009-S81",4/6/2022,,"Uncollected Fee of $34.00 is Due",,.00,Posted,.00
"XXXXXX1009-S81",4/6/2022,,"Courtesy Pay-Dbt",,.00,Posted,-1698.40
"XXXXXX1009-S81",4/6/2022,,"Withdrawal DEBIT CARD/LAKELINE XPRESS MART CEDAR PARK TX Date 04/05/22 24137462096001018900937 Card 2272Merchant Category Code: 5541",11.14,,Posted,-1698.40
"XXXXXX1009-S81",4/5/2022,,"Uncollected Fee of $34.00 is Due",,.00,Posted,.00
"XXXXXX1009-S81",4/5/2022,,"UNPAIDNSF 2500/In the amount $910.00.",,.00,Posted,-1687.26
"XXXXXX1009-S81",4/5/2022,,"Uncollected Fee of $34.00 is Due",,.00,Posted,.00
"XXXXXX1009-S81",4/5/2022,,"Courtesy Pay-Ck",,.00,Posted,-1687.26
"XXXXXX1009-S81",4/5/2022,2499,"Check 2499 Tracer 813100000431773",3478.00,,Posted,-1687.26
"XXXXXX1009-S81",4/5/2022,2498,"Check 2498 Tracer 813100000431779",2620.00,,Posted,1790.74
"XXXXXX1009-S81",4/5/2022,,"Recurring Withdrawal DEBIT CARD/APPLE.COM/BILL 866-712-7753 CA Date 04/05/22 24692162095100995757411 Card 2272Merchant Category Code: 5735",2.99,,Posted,4410.74
"XXXXXX1009-S81",4/5/2022,,"Withdrawal POS #209519728337/POS WALGREENS STORE 905 CRYST LEANDER TX Card 4969 Merchant Category Code: 5912",30.06,,Posted,4413.73
"XXXXXX1009-S81",4/5/2022,2496,"Check 2496 Tracer 813100000173001",1408.00,,Posted,4443.79
"XXXXXX1009-S81",4/5/2022,,"Deposit Reconciled 0000025",,.00,Posted,.00
"XXXXXX1009-S81",4/5/2022,,"Deposit Bulk/Checks 6,495.00 Check Count 1 Deposit Number 0000025",,6495.00,Posted,5851.79
"XXXXXX1009-S81",4/5/2022,,"Uncollected Fee of $34.00 is Due",,.00,Posted,.00
"XXXXXX1009-S81",4/5/2022,,"Courtesy Pay-ACH",,.00,Posted,-643.21
"XXXXXX1009-S81",4/5/2022,,"Withdrawal ACH FARMERS INS EXCH/TYPE: INSPAYMENT ID: 2432215866 DATA: BILL PAYMENT CO: FARMERS INS EXCH",1005.33,,Posted,-643.21
"XXXXXX1009-S81",4/5/2022,,"Withdrawal ACH City of Austin T/TYPE: PAYMENT ID: 5746000085 CO: City of Austin T",132.78,,Posted,362.12
"XXXXXX1009-S81",4/5/2022,,"Withdrawal ACH AMERICAN GEN LIF/TYPE: INS PAYMT ID: 4250598210 CO: AMERICAN GEN LIF",44.54,,Posted,494.90
"XXXXXX1009-S81",4/5/2022,,"Withdrawal ACH INTUIT 50156395/TYPE: TRAN FEE ID: 9215986202 CO: INTUIT 50156395",18.33,,Posted,539.44
"XXXXXX1009-S81",4/5/2022,,"Deposit ACH INTUIT 87289845/TYPE: DEPOSIT ID: 9215986202 CO: INTUIT 87289845",,1190.75,Posted,557.77
"XXXXXX1009-S81",4/5/2022,,"Deposit ACH Ternion Growth P/TYPE: SIGONFILE ID: 9000830338 DATA: 805-680-2004 CO: Ternion Growth P",,497.95,Posted,-632.98
"XXXXXX1009-S81",4/5/2022,,"Deposit ACH Ternion Growth P/TYPE: SIGONFILE ID: 9000830338 DATA: 805-680-2004 CO: Ternion Growth P",,497.95,Posted,-1130.93
"XXXXXX1009-S81",4/5/2022,,"Uncollected Fee of $34.00 is Due",,.00,Posted,.00
"XXXXXX1009-S81",4/5/2022,,"Courtesy Pay-Dbt",,.00,Posted,-1628.88
"XXXXXX1009-S81",4/5/2022,,"Withdrawal DEBIT CARD/AUSTIN RENT WAY AUSTIN TX Date 04/04/22 24755422095730956245741 Card 2675Merchant Category Code: 7394",157.80,,Posted,-1628.88
"XXXXXX1009-S81",4/4/2022,,"Uncollected Fee of $34.00 is Due",,.00,Posted,.00
"XXXXXX1009-S81",4/4/2022,,"Courtesy Pay-Ck",,.00,Posted,-1471.08
"XXXXXX1009-S81",4/4/2022,2489,"Check 2489 Tracer 813000000578047",1000.00,,Posted,-1471.08
"XXXXXX1009-S81",4/4/2022,,"Uncollected Fee of $34.00 is Due",,.00,Posted,.00
"XXXXXX1009-S81",4/4/2022,,"Courtesy Pay-ACH",,.00,Posted,-471.08
"XXXXXX1009-S81",4/4/2022,,"Withdrawal ACH BKAMERICA/TYPE: IC PAYMENT ID: 1409936115 CO: BKAMERICA",877.05,,Posted,-471.08
"XXXXXX1009-S81",4/4/2022,,"Withdrawal ACH CAPITAL ONE/TYPE: MOBILE PMT ID: 9279744980 CO: CAPITAL ONE",100.00,,Posted,405.97
"XXXXXX1009-S81",4/4/2022,,"Deposit ACH Ambetter/TYPE: HEALTH INS ID: A113580784 CO: Ambetter",,608.30,Posted,505.97
"XXXXXX1009-S81",4/3/2022,,"Uncollected Fee of $34.00 is Due",,.00,Posted,.00
"XXXXXX1009-S81",4/3/2022,,"Courtesy Pay-Dbt",,.00,Posted,-102.33
"XXXXXX1009-S81",4/3/2022,,"Withdrawal POS #209314250364/POS O'REILLY AUTO PARTS 2076 AUSTIN TX Card 2675 Merchant Category Code: 5533",7.03,,Posted,-102.33
"XXXXXX1009-S81",4/3/2022,,"Uncollected Fee of $34.00 is Due",,.00,Posted,.00
"XXXXXX1009-S81",4/3/2022,,"Courtesy Pay-Dbt",,.00,Posted,-95.30
"XXXXXX1009-S81",4/3/2022,,"Withdrawal POS #209300464700/POS 7-ELEVEN 105 East Stassney Austin TX Card 2675 Merchant Category Code: 5542",27.04,,Posted,-95.30
"XXXXXX1009-S81",4/3/2022,,"Uncollected Fee of $34.00 is Due",,.00,Posted,.00
"XXXXXX1009-S81",4/3/2022,,"Courtesy Pay-Dbt",,.00,Posted,-68.26
"XXXXXX1009-S81",4/3/2022,,"Withdrawal POS #209300454812/POS 7-ELEVEN 105 East Stassney Austin TX Card 2675 Merchant Category Code: 5542",100.00,,Posted,-68.26
"XXXXXX1009-S81",4/3/2022,,"Withdrawal Bill Payment #209323150933/BP TDS LANDFILL 800-3758375 TX Card 2675 Merchant Category Code: 4900",168.50,,Posted,31.74
"XXXXXX1009-S81",4/2/2022,,"Withdrawal DEBIT CARD/LOC CITIZENS*305975116 401-2825259 CT Date 04/01/22 24638572091016036665432 Card 4969Merchant Category Code: 6012",63.76,,Posted,200.24
"XXXXXX1009-S81",4/1/2022,,"Withdrawal DEBIT CARD/TEXAS HONE* TEXAS HONE rob@texashone TX Date 04/01/22 24492162091000037317420 Card 0718Merchant Category Code: 5812",46.44,,Posted,264.00
"XXXXXX1009-S81",4/1/2022,,"Withdrawal DEBIT CARD/91280 - AUSTIN-BERGSTROM AUSTIN TX Date 04/01/22 24034542091000066143562 Card 2272Merchant Category Code: 7523",5.00,,Posted,310.44
"XXXXXX1009-S81",4/1/2022,,"Withdrawal ACH Financial Pacifi/TYPE: LEASE PYMT ID: 9118771358 CO: Financial Pacifi",524.83,,Posted,315.44
"XXXXXX1009-S81",4/1/2022,,"Withdrawal ACH NAVIENT/TYPE: NAVI DEBIT ID: 3520974271 DATA: LSC/F ------ CO: NAVIENT",204.90,,Posted,840.27
"XXXXXX1009-S81",4/1/2022,,"Withdrawal DEBIT CARD/DD DOORDASH JERSEYMIK 855-973-1040 CA Date 04/01/22 24492152091717148335709 Card 4969Merchant Category Code: 5812",33.97,,Posted,1045.17
"XXXXXX1009-S81",4/1/2022,,"Withdrawal POS #209115827901/POS THE HOME DEPOT 6570 1200 HOME DEPOT BLVD SUNSET VALLEY TX Card 2675Merchant Category Code: 5200",41.03,,Posted,1079.14
"XXXXXX1009-S81",4/1/2022,,"Uncollected Fee/Due since 03/31/22 - Courtesy Pay-Dbt",34.00,,Posted,1120.17